,date,time,bid,bs,ask,as
0,2023-01-01,1672635559.0,1201.1,7.5094533,1201.11,31.8558611
1,2023-01-01,1672635560.0,1201.1,7.5094533,1201.11,31.8558611
2,2023-01-01,1672635561.0,1201.1,7.5098476,1201.11,29.7866444
3,2023-01-01,1672635562.0,1201.1,7.5098476,1201.11,29.7866444
4,2023-01-01,1672635563.0,1201.1,7.5098476,1201.11,31.8514968
5,2023-01-01,1672635564.0,1201.1,7.5098476,1201.11,31.8514968
6,2023-01-01,1672635565.0,1201.1,7.5098476,1201.11,31.8514968
7,2023-01-01,1672635566.0,1201.1,7.5098476,1201.11,31.8298502
8,2023-01-01,1672635567.0,1201.1,7.3463412,1201.11,31.3234256
9,2023-01-01,1672635568.0,1201.1,7.3463412,1201.11,31.3234256
10,2023-01-01,1672635569.0,1201.1,7.3463412,1201.11,31.3143841
11,2023-01-01,1672635570.0,1201.1,7.3463412,1201.11,31.3143841
12,2023-01-01,1672635571.0,1201.1,7.3463412,1201.11,31.3143841
13,2023-01-01,1672635572.0,1201.1,12.3463412,1201.11,29.1428986
14,2023-01-01,1672635573.0,1201.1,7.3463412,1201.11,31.207751
15,2023-01-01,1672635574.0,1201.1,12.3463412,1201.11,29.1428986
16,2023-01-01,1672635575.0,1201.1,12.2157458,1201.11,22.1428986
17,2023-01-01,1672635576.0,1201.1,15.6621651,1201.11,13.2701064
18,2023-01-01,1672635577.0,1201.1,15.6621651,1201.11,13.1926781
19,2023-01-01,1672635578.0,1201.1,15.6621651,1201.11,13.1926781
20,2023-01-01,1672635579.0,1201.1,15.6621651,1201.11,13.1926781
21,2023-01-01,1672635580.0,1201.1,15.6621651,1201.11,13.1926781
22,2023-01-01,1672635581.0,1201.1,15.6621651,1201.11,13.1926781
23,2023-01-01,1672635582.0,1201.1,15.6634844,1201.11,0.1953608
24,2023-01-01,1672635583.0,1201.33,11.742953,1201.34,3.0
25,2023-01-01,1672635584.0,1201.65,9.1965238,1201.66,20.6690958
26,2023-01-01,1672635585.0,1201.65,9.1965238,1201.66,18.6042434
27,2023-01-01,1672635586.0,1201.55,14.2843085,1201.56,29.2196127
28,2023-01-01,1672635587.0,1201.55,14.2843085,1201.56,29.2196127
29,2023-01-01,1672635588.0,1201.55,14.2843085,1201.56,31.2844651
30,2023-01-01,1672635589.0,1201.55,14.2843085,1201.56,31.2803879
31,2023-01-01,1672635590.0,1201.55,14.2843085,1201.56,31.2803879
32,2023-01-01,1672635591.0,1201.55,19.2843085,1201.56,22.2155355
33,2023-01-01,1672635592.0,1201.55,19.2843085,1201.56,22.2155355
34,2023-01-01,1672635593.0,1201.55,14.3045305,1201.56,22.2155355
35,2023-01-01,1672635594.0,1201.55,14.3045305,1201.56,21.9200863
36,2023-01-01,1672635595.0,1201.55,14.300193,1201.56,19.4863904
37,2023-01-01,1672635596.0,1201.55,14.300193,1201.56,19.4863904
38,2023-01-01,1672635597.0,1201.55,14.300193,1201.56,19.4863904
39,2023-01-01,1672635598.0,1201.55,14.300193,1201.56,19.9030224
40,2023-01-01,1672635599.0,1201.55,14.300193,1201.56,19.7308465
41,2023-01-02,1672635600.0,1201.55,14.300193,1201.56,21.6655549
42,2023-01-02,1672635601.0,1201.55,14.2993575,1201.56,19.6007025
43,2023-01-02,1672635602.0,1201.55,14.299028,1201.56,21.6239757
44,2023-01-02,1672635603.0,1201.55,14.299028,1201.56,19.5508075
45,2023-01-02,1672635604.0,1201.55,14.299028,1201.56,19.5219215
46,2023-01-02,1672635605.0,1201.55,14.299028,1201.56,19.5219215
47,2023-01-02,1672635606.0,1201.55,14.299028,1201.56,19.5489446
48,2023-01-02,1672635607.0,1201.55,19.299028,1201.56,19.5489446
49,2023-01-02,1672635608.0,1201.66,18.7532637,1201.67,21.4033436
50,2023-01-02,1672635609.0,1201.66,23.7532637,1201.67,8.0
51,2023-01-02,1672635610.0,1201.66,23.7511466,1201.67,7.9978829
52,2023-01-02,1672635611.0,1201.66,23.7490295,1201.67,7.9957658
53,2023-01-02,1672635612.0,1201.71,14.683604,1201.72,6.0939525
54,2023-01-02,1672635613.0,1201.71,14.6814869,1201.72,11.0918354
55,2023-01-02,1672635614.0,1201.71,14.6793698,1201.72,11.0897183
56,2023-01-02,1672635615.0,1201.71,14.6651108,1201.72,14.55472
57,2023-01-02,1672635616.0,1201.71,14.6651108,1201.72,14.3287036
58,2023-01-02,1672635617.0,1201.58,9.7384055,1201.59,14.932349
59,2023-01-02,1672635618.0,1201.58,14.7341713,1201.59,14.9281148
60,2023-01-02,1672635619.0,1201.58,9.7341713,1201.59,18.2906648
61,2023-01-02,1672635620.0,1201.48,20.9487377,1201.49,29.0877181
62,2023-01-02,1672635621.0,1201.48,20.9466206,1201.49,29.0899383
63,2023-01-02,1672635622.0,1201.48,20.9445035,1201.49,17.0920554
64,2023-01-02,1672635623.0,1201.48,20.9423864,1201.49,16.468175
65,2023-01-02,1672635624.0,1201.48,20.9402693,1201.49,16.4660579
66,2023-01-02,1672635625.0,1201.48,20.9381522,1201.49,16.4660579
67,2023-01-02,1672635626.0,1201.48,20.9403983,1201.49,16.4594211
68,2023-01-02,1672635627.0,1201.48,20.9382812,1201.49,16.457304
69,2023-01-02,1672635628.0,1201.48,20.9318009,1201.49,16.4760435
70,2023-01-02,1672635629.0,1201.48,20.9296838,1201.49,1.4551004
71,2023-01-02,1672635630.0,1201.48,26.5296838,1201.49,0.0165117
72,2023-01-02,1672635631.0,1201.58,18.182859,1201.59,6.3769457
73,2023-01-02,1672635632.0,1201.58,21.036371,1201.59,5.073833
74,2023-01-02,1672635633.0,1201.58,21.0342539,1201.59,5.0717159
75,2023-01-02,1672635634.0,1201.58,21.0321368,1201.59,15.3198633
76,2023-01-02,1672635635.0,1201.58,21.0321368,1201.59,15.3198633
77,2023-01-02,1672635636.0,1201.58,21.0300197,1201.59,15.3177462
78,2023-01-02,1672635637.0,1201.58,21.0257855,1201.59,13.2486596
79,2023-01-02,1672635638.0,1201.58,21.0257855,1201.59,13.2486596
80,2023-01-02,1672635639.0,1201.58,21.0236684,1201.59,13.2465425
81,2023-01-02,1672635640.0,1201.58,21.0215513,1201.59,13.2444254
82,2023-01-02,1672635641.0,1201.58,23.4919054,1201.59,5.0612326
83,2023-01-02,1672635642.0,1201.7,20.9669077,1201.71,8.0254096
84,2023-01-02,1672635643.0,1201.7,20.9669077,1201.71,8.0232925
85,2023-01-02,1672635644.0,1201.7,20.9669077,1201.71,8.0232925
86,2023-01-02,1672635645.0,1201.7,20.9669077,1201.71,8.0232925
87,2023-01-02,1672635646.0,1201.7,20.9669077,1201.71,8.0232925
88,2023-01-02,1672635647.0,1201.7,20.9669077,1201.71,8.0232925
89,2023-01-02,1672635648.0,1201.7,20.9669077,1201.71,8.0232925
90,2023-01-02,1672635649.0,1201.7,15.9669077,1201.71,11.317787
91,2023-01-02,1672635650.0,1201.7,20.9669077,1201.71,8.0276289
92,2023-01-02,1672635651.0,1201.7,20.9669077,1201.71,2.9607784
93,2023-01-02,1672635652.0,1201.7,20.9669077,1201.71,7.9607784
94,2023-01-02,1672635653.0,1201.81,25.382625,1201.82,17.5782217
95,2023-01-02,1672635654.0,1201.85,31.6182977,1201.86,1.8561355
96,2023-01-02,1672635655.0,1201.85,21.0212922,1201.86,23.7070007
97,2023-01-02,1672635656.0,1201.85,26.0212922,1201.86,23.7187106
98,2023-01-02,1672635657.0,1201.85,26.0212922,1201.86,23.7187106
99,2023-01-02,1672635658.0,1201.85,21.0212922,1201.86,25.783563
100,2023-01-02,1672635659.0,1201.85,12.1458766,1201.86,25.783563
101,2023-01-02,1672635660.0,1201.85,12.1458766,1201.86,25.783563
102,2023-01-02,1672635661.0,1201.85,17.1458766,1201.86,25.783563
103,2023-01-02,1672635662.0,1201.85,17.1458766,1201.86,25.7792128
104,2023-01-02,1672635663.0,1201.85,12.1458766,1201.86,25.6434884
105,2023-01-02,1672635664.0,1201.85,12.1458766,1201.86,25.6434884
106,2023-01-02,1672635665.0,1201.85,12.1458766,1201.86,25.6434884
107,2023-01-02,1672635666.0,1201.85,26.5042057,1201.86,20.1187831
108,2023-01-02,1672635667.0,1201.85,21.5042057,1201.86,22.1836355
109,2023-01-02,1672635668.0,1201.85,19.9042057,1201.86,22.1836355
110,2023-01-02,1672635669.0,1201.85,19.9042057,1201.86,22.1836355
111,2023-01-02,1672635670.0,1201.85,12.1458766,1201.86,22.1836355
112,2023-01-02,1672635671.0,1201.85,12.1458766,1201.86,22.1836355
113,2023-01-02,1672635672.0,1201.85,12.1458766,1201.86,22.1836355
114,2023-01-02,1672635673.0,1201.85,12.1458766,1201.86,22.1746816
115,2023-01-02,1672635674.0,1201.86,24.0038161,1201.87,3.1582548
116,2023-01-02,1672635675.0,1201.86,18.5296233,1201.87,27.0128924
117,2023-01-02,1672635676.0,1201.86,18.5296233,1201.87,27.0128924
118,2023-01-02,1672635677.0,1201.86,13.5122778,1201.87,24.94804
119,2023-01-02,1672635678.0,1201.86,18.5122778,1201.87,25.784713
120,2023-01-02,1672635679.0,1201.86,18.5122778,1201.87,27.8495654
121,2023-01-02,1672635680.0,1201.86,13.5122778,1201.87,27.8539029
122,2023-01-02,1672635681.0,1201.86,13.5122778,1201.87,27.8539029
123,2023-01-02,1672635682.0,1201.86,9.8113604,1201.87,27.8582404
124,2023-01-02,1672635683.0,1201.86,9.8113604,1201.87,27.8625778
125,2023-01-02,1672635684.0,1201.86,9.8113604,1201.87,27.8625778
126,2023-01-02,1672635685.0,1201.83,12.0154931,1201.84,15.1056016
127,2023-01-02,1672635686.0,1201.83,10.597695,1201.84,24.4536371
128,2023-01-02,1672635687.0,1201.83,19.2119957,1201.84,22.3887847
129,2023-01-02,1672635688.0,1201.83,19.2119957,1201.84,24.4658062
130,2023-01-02,1672635689.0,1201.83,10.597695,1201.84,24.4658062
131,2023-01-02,1672635690.0,1201.83,10.597695,1201.84,24.4658062
132,2023-01-02,1672635691.0,1201.83,10.597695,1201.84,24.4658062
133,2023-01-02,1672635692.0,1201.83,10.597695,1201.84,24.4658062
134,2023-01-02,1672635693.0,1201.83,10.597695,1201.84,24.4658062
135,2023-01-02,1672635694.0,1201.83,10.597695,1201.84,24.4658062
136,2023-01-02,1672635695.0,1201.75,17.6995015,1201.76,23.3193935
137,2023-01-02,1672635696.0,1201.75,17.6995015,1201.76,25.3842459
138,2023-01-02,1672635697.0,1201.75,22.6995015,1201.76,16.3193935
139,2023-01-02,1672635698.0,1201.75,22.6995015,1201.76,16.1073749
140,2023-01-02,1672635699.0,1201.75,17.6995015,1201.76,16.1073749
141,2023-01-02,1672635700.0,1201.75,22.6995015,1201.76,16.1073749
142,2023-01-02,1672635701.0,1201.75,22.6995015,1201.76,16.1073749
143,2023-01-02,1672635702.0,1201.75,22.6995015,1201.76,16.1073749
144,2023-01-02,1672635703.0,1201.75,17.6995015,1201.76,18.1722273
145,2023-01-02,1672635704.0,1201.75,22.6995015,1201.76,16.1073749
146,2023-01-02,1672635705.0,1201.75,22.6995015,1201.76,3.1060089
147,2023-01-02,1672635706.0,1201.75,22.6995015,1201.76,13.6606391
148,2023-01-02,1672635707.0,1201.75,22.6995015,1201.76,13.7670191
149,2023-01-02,1672635708.0,1201.75,28.2995015,1201.76,13.7670191
150,2023-01-02,1672635709.0,1201.75,28.2995015,1201.76,13.7670191
151,2023-01-02,1672635710.0,1201.75,28.1956063,1201.76,13.7670191
152,2023-01-02,1672635711.0,1201.75,28.1956063,1201.76,13.7670191
153,2023-01-02,1672635712.0,1201.75,28.1956063,1201.76,8.3886687
154,2023-01-02,1672635713.0,1201.75,28.1956063,1201.76,8.3886687
155,2023-01-02,1672635714.0,1201.75,27.9835877,1201.76,8.3886687
156,2023-01-02,1672635715.0,1201.75,27.9835877,1201.76,8.3886687
157,2023-01-02,1672635716.0,1201.75,27.9835877,1201.76,8.3886687
158,2023-01-02,1672635717.0,1201.75,27.9835877,1201.76,0.0029
159,2023-01-02,1672635718.0,1201.75,27.9835877,1201.76,0.0029
160,2023-01-02,1672635719.0,1201.75,27.9835877,1201.76,0.0029
161,2023-01-02,1672635720.0,1201.76,26.4069568,1201.77,10.2706266
162,2023-01-02,1672635721.0,1201.76,26.4069568,1201.77,10.2706266
163,2023-01-02,1672635722.0,1201.76,26.4069568,1201.77,10.2706266
164,2023-01-02,1672635723.0,1201.76,26.4069568,1201.77,10.2706266
165,2023-01-02,1672635724.0,1201.76,26.4069568,1201.77,10.2706266
166,2023-01-02,1672635725.0,1201.76,26.4069568,1201.77,7.8706266
167,2023-01-02,1672635726.0,1201.76,26.4069568,1201.77,7.2847813
168,2023-01-02,1672635727.0,1201.76,26.4069568,1201.77,7.2847813
169,2023-01-02,1672635728.0,1201.76,26.4069568,1201.77,7.2847813
170,2023-01-02,1672635729.0,1201.76,26.4069568,1201.77,7.2847813
171,2023-01-02,1672635730.0,1201.76,26.4069568,1201.77,7.2119936
172,2023-01-02,1672635731.0,1201.83,20.9850839,1201.84,5.0
173,2023-01-02,1672635732.0,1201.83,30.4982869,1201.84,4.9254868
174,2023-01-02,1672635733.0,1201.83,30.4982869,1201.84,4.9254868
175,2023-01-02,1672635734.0,1201.83,30.4982869,1201.84,4.9254868
176,2023-01-02,1672635735.0,1201.83,30.4982869,1201.84,4.9254868
177,2023-01-02,1672635736.0,1201.83,30.4982869,1201.84,4.9254868
178,2023-01-02,1672635737.0,1201.83,30.4982869,1201.84,4.9254868
179,2023-01-02,1672635738.0,1201.83,29.7639072,1201.84,4.9254868
180,2023-01-02,1672635739.0,1201.83,29.7639072,1201.84,4.9254868
181,2023-01-02,1672635740.0,1201.83,29.7639072,1201.84,4.9254868
182,2023-01-02,1672635741.0,1201.83,29.7609124,1201.84,6.9913475
183,2023-01-02,1672635742.0,1201.83,29.7609124,1201.84,4.9264951
184,2023-01-02,1672635743.0,1201.83,29.7609124,1201.84,4.9264951
185,2023-01-02,1672635744.0,1201.83,29.7609124,1201.84,4.9264951
186,2023-01-02,1672635745.0,1201.83,29.7609124,1201.84,4.9264951
187,2023-01-02,1672635746.0,1201.83,29.7609124,1201.84,6.8675458
188,2023-01-02,1672635747.0,1201.83,29.7329124,1201.84,4.8026934
189,2023-01-02,1672635748.0,1201.83,29.7329124,1201.84,4.8026934
190,2023-01-02,1672635749.0,1201.83,29.7329124,1201.84,4.8026934
191,2023-01-02,1672635750.0,1201.83,29.7329124,1201.84,4.8026934
192,2023-01-02,1672635751.0,1201.83,24.7329124,1201.84,4.6968861
193,2023-01-02,1672635752.0,1201.83,24.7329124,1201.84,4.6968861
194,2023-01-02,1672635753.0,1201.83,29.7329124,1201.84,4.6968861
195,2023-01-02,1672635754.0,1201.83,29.7285848,1201.84,4.7012227
196,2023-01-02,1672635755.0,1201.83,29.7285848,1201.84,4.7012227
197,2023-01-02,1672635756.0,1201.83,29.7285848,1201.84,4.7098976
198,2023-01-02,1672635757.0,1201.83,29.7285848,1201.84,4.7098976
199,2023-01-02,1672635758.0,1201.83,29.7285848,1201.84,4.7098976
200,2023-01-02,1672635759.0,1201.83,29.7285848,1201.84,4.7098976
201,2023-01-02,1672635760.0,1201.83,29.7285848,1201.84,4.7098976
202,2023-01-02,1672635761.0,1201.83,29.7285848,1201.84,4.6686847
203,2023-01-02,1672635762.0,1201.83,29.7285848,1201.84,4.6686847
204,2023-01-02,1672635763.0,1201.83,29.7285848,1201.84,4.6686847
205,2023-01-02,1672635764.0,1201.83,29.7285848,1201.84,6.7318453
206,2023-01-02,1672635765.0,1201.83,24.7285848,1201.84,17.4224858
207,2023-01-02,1672635766.0,1201.83,24.7285848,1201.84,17.4139325
208,2023-01-02,1672635767.0,1201.83,24.7285848,1201.84,17.4139325
209,2023-01-02,1672635768.0,1201.83,24.7285848,1201.84,17.4139325
210,2023-01-02,1672635769.0,1201.83,24.7285848,1201.84,10.4139325
211,2023-01-02,1672635770.0,1201.83,29.7285848,1201.84,4.6584396
212,2023-01-02,1672635771.0,1201.83,29.7285848,1201.84,6.723292
213,2023-01-02,1672635772.0,1201.83,29.7285848,1201.84,6.723292
214,2023-01-02,1672635773.0,1201.83,29.7285848,1201.84,4.6584396
215,2023-01-02,1672635774.0,1201.83,29.7285848,1201.84,4.6584396
216,2023-01-02,1672635775.0,1201.83,29.7285848,1201.84,4.6584396
217,2023-01-02,1672635776.0,1201.83,29.7285848,1201.84,4.6584396
218,2023-01-02,1672635777.0,1201.83,29.7285848,1201.84,4.6584396
219,2023-01-02,1672635778.0,1201.83,29.7285848,1201.84,4.6584396
220,2023-01-02,1672635779.0,1201.83,29.7285848,1201.84,4.6584396
221,2023-01-02,1672635780.0,1201.83,29.7285848,1201.84,4.6584396
222,2023-01-02,1672635781.0,1201.83,29.7285848,1201.84,4.6584396
223,2023-01-02,1672635782.0,1201.83,27.8685848,1201.84,7.6584396
224,2023-01-02,1672635783.0,1201.83,27.8685848,1201.84,7.6584396
225,2023-01-02,1672635784.0,1201.83,27.1402848,1201.84,7.6584396
226,2023-01-02,1672635785.0,1201.83,27.1402848,1201.84,7.6584396
227,2023-01-02,1672635786.0,1201.83,22.1402848,1201.84,7.6627771
228,2023-01-02,1672635787.0,1201.83,22.2270439,1201.84,7.6671146
229,2023-01-02,1672635788.0,1201.83,22.2270439,1201.84,7.6671146
230,2023-01-02,1672635789.0,1201.83,22.2270439,1201.84,7.6671146
231,2023-01-02,1672635790.0,1201.83,27.2270439,1201.84,7.6671146
232,2023-01-02,1672635791.0,1201.83,22.2270439,1201.84,7.6671146
233,2023-01-02,1672635792.0,1201.83,22.2270439,1201.84,13.3702917
234,2023-01-02,1672635793.0,1201.83,22.2270439,1201.84,11.3054393
235,2023-01-02,1672635794.0,1201.83,22.2270439,1201.84,11.3054393
236,2023-01-02,1672635795.0,1201.83,22.2270439,1201.84,11.3054393
237,2023-01-02,1672635796.0,1201.83,22.2270439,1201.84,11.3054393
238,2023-01-02,1672635797.0,1201.83,22.2270439,1201.84,13.3702917
239,2023-01-02,1672635798.0,1201.83,22.2270439,1201.84,13.3702917
240,2023-01-02,1672635799.0,1201.83,27.2270439,1201.84,11.3054393
241,2023-01-02,1672635800.0,1201.83,27.2270439,1201.84,11.3054393
242,2023-01-02,1672635801.0,1201.83,27.2270439,1201.84,11.3054393
243,2023-01-02,1672635802.0,1201.83,27.2270439,1201.84,11.3054393
244,2023-01-02,1672635803.0,1201.83,22.1870439,1201.84,11.3054393
245,2023-01-02,1672635804.0,1201.83,22.1870439,1201.84,11.3054393
246,2023-01-02,1672635805.0,1201.83,22.1870439,1201.84,11.3054393
247,2023-01-02,1672635806.0,1201.83,22.1870439,1201.84,11.3054393
248,2023-01-02,1672635807.0,1201.83,22.1870439,1201.84,11.3054393
249,2023-01-02,1672635808.0,1201.83,22.1870439,1201.84,13.3702917
250,2023-01-02,1672635809.0,1201.83,22.1870439,1201.84,13.3702917
251,2023-01-02,1672635810.0,1201.83,22.1870439,1201.84,11.3054393
252,2023-01-02,1672635811.0,1201.83,22.1870439,1201.84,11.3054393
253,2023-01-02,1672635812.0,1201.83,22.1870439,1201.84,11.3054393
254,2023-01-02,1672635813.0,1201.83,22.1870439,1201.84,11.3054393
255,2023-01-02,1672635814.0,1201.83,22.1870439,1201.84,11.3054393
256,2023-01-02,1672635815.0,1201.83,22.1870439,1201.84,11.3054393
257,2023-01-02,1672635816.0,1201.83,22.1870439,1201.84,11.3054393
258,2023-01-02,1672635817.0,1201.83,22.1870439,1201.84,11.3054393
259,2023-01-02,1672635818.0,1201.83,22.1870439,1201.84,11.3054393
260,2023-01-02,1672635819.0,1201.83,22.1870439,1201.84,13.3702917
261,2023-01-02,1672635820.0,1201.83,22.1870439,1201.84,11.2969033
262,2023-01-02,1672635821.0,1201.83,22.1870439,1201.84,11.2969033
263,2023-01-02,1672635822.0,1201.83,22.1870439,1201.84,11.2969033
264,2023-01-02,1672635823.0,1201.83,22.1870439,1201.84,11.2969033
265,2023-01-02,1672635824.0,1201.83,22.1870439,1201.84,11.2969033
266,2023-01-02,1672635825.0,1201.98,30.490388,1201.99,12.564361
267,2023-01-02,1672635826.0,1201.98,30.490388,1201.99,12.564361
268,2023-01-02,1672635827.0,1201.98,30.490388,1201.99,12.564361
269,2023-01-02,1672635828.0,1201.98,30.490388,1201.99,12.564361
270,2023-01-02,1672635829.0,1201.98,30.490388,1201.99,12.564361
271,2023-01-02,1672635830.0,1201.98,30.490388,1201.99,12.564361
272,2023-01-02,1672635831.0,1201.98,30.490388,1201.99,12.564361
273,2023-01-02,1672635832.0,1201.98,30.490388,1201.99,12.564361
274,2023-01-02,1672635833.0,1201.98,30.490388,1201.99,12.564361
275,2023-01-02,1672635834.0,1201.98,30.490388,1201.99,12.564361
276,2023-01-02,1672635835.0,1201.98,30.490388,1201.99,12.5643621
277,2023-01-02,1672635836.0,1201.98,30.490388,1201.99,12.5638851
278,2023-01-02,1672635837.0,1201.98,30.490388,1201.99,12.5638851
279,2023-01-02,1672635838.0,1201.98,30.490388,1201.99,12.5638851
280,2023-01-02,1672635839.0,1201.98,30.490388,1201.99,12.5638851
281,2023-01-02,1672635840.0,1201.98,30.490388,1201.99,12.5638851
282,2023-01-02,1672635841.0,1201.98,30.490388,1201.99,12.5638851
283,2023-01-02,1672635842.0,1201.98,30.490388,1201.99,12.5638851
284,2023-01-02,1672635843.0,1201.98,30.490388,1201.99,12.5638851
285,2023-01-02,1672635844.0,1201.98,30.490388,1201.99,12.5638851
286,2023-01-02,1672635845.0,1201.98,30.490388,1201.99,12.5214151
287,2023-01-02,1672635846.0,1201.98,30.490388,1201.99,12.2262166
288,2023-01-02,1672635847.0,1201.98,30.490388,1201.99,12.2262166
289,2023-01-02,1672635848.0,1201.98,30.490388,1201.99,12.2262166
290,2023-01-02,1672635849.0,1201.98,30.490388,1201.99,12.2213432
291,2023-01-02,1672635850.0,1201.98,30.490388,1201.99,12.2213432
292,2023-01-02,1672635851.0,1201.98,30.490388,1201.99,12.2213432
293,2023-01-02,1672635852.0,1201.98,30.490388,1201.99,12.2213432
294,2023-01-02,1672635853.0,1201.98,30.490388,1201.99,3.0038616
295,2023-01-02,1672635854.0,1201.98,30.490388,1201.99,3.0038616
296,2023-01-02,1672635855.0,1201.98,30.490388,1201.99,3.0038616
297,2023-01-02,1672635856.0,1201.98,30.490388,1201.99,3.0038616
298,2023-01-02,1672635857.0,1201.98,30.490388,1201.99,3.0038616
299,2023-01-02,1672635858.0,1201.98,30.490388,1201.99,3.0038616
300,2023-01-02,1672635859.0,1201.98,30.490388,1201.99,3.0038616
301,2023-01-02,1672635860.0,1201.98,30.490388,1201.99,3.0038616
302,2023-01-02,1672635861.0,1201.98,30.4860551,1201.99,3.008198
303,2023-01-02,1672635862.0,1201.98,30.4860551,1201.99,3.008198
304,2023-01-02,1672635863.0,1201.98,30.4860551,1201.99,3.008198
305,2023-01-02,1672635864.0,1201.98,30.4860551,1201.99,3.008198
306,2023-01-02,1672635865.0,1201.98,30.4860551,1201.99,3.008198
307,2023-01-02,1672635866.0,1201.98,25.4860551,1201.99,3.008198
308,2023-01-02,1672635867.0,1201.98,25.4860551,1201.99,3.008198
309,2023-01-02,1672635868.0,1201.98,25.4860551,1201.99,2.999729
310,2023-01-02,1672635869.0,1201.98,25.4860551,1201.99,2.999729
311,2023-01-02,1672635870.0,1201.98,25.4860551,1201.99,2.999729
312,2023-01-02,1672635871.0,1201.98,25.4860551,1201.99,7.999729
313,2023-01-02,1672635872.0,1201.98,30.4860551,1201.99,7.999729
314,2023-01-02,1672635873.0,1201.98,30.4860551,1201.99,7.999729
315,2023-01-02,1672635874.0,1201.98,30.4860551,1201.99,7.999729
316,2023-01-02,1672635875.0,1201.98,30.4860551,1201.99,7.999729
317,2023-01-02,1672635876.0,1201.98,30.4860551,1201.99,7.999729
318,2023-01-02,1672635877.0,1201.98,30.4848527,1201.99,7.999729
319,2023-01-02,1672635878.0,1201.98,30.4848527,1201.99,7.999729
320,2023-01-02,1672635879.0,1201.98,30.4848527,1201.99,7.999729
321,2023-01-02,1672635880.0,1201.98,30.4848527,1201.99,7.999729
322,2023-01-02,1672635881.0,1201.98,30.4848527,1201.99,7.999729
323,2023-01-02,1672635882.0,1201.98,25.4848527,1201.99,7.999729
324,2023-01-02,1672635883.0,1201.98,25.4848527,1201.99,7.999729
325,2023-01-02,1672635884.0,1201.98,30.4848527,1201.99,7.999729
326,2023-01-02,1672635885.0,1201.98,30.4848527,1201.99,7.999729
327,2023-01-02,1672635886.0,1201.98,25.4848527,1201.99,7.999729
328,2023-01-02,1672635887.0,1201.98,30.4848527,1201.99,7.999729
329,2023-01-02,1672635888.0,1201.98,30.4848527,1201.99,7.999729
330,2023-01-02,1672635889.0,1201.98,30.4848527,1201.99,7.9835306
331,2023-01-02,1672635890.0,1201.98,30.4848527,1201.99,7.9835306
332,2023-01-02,1672635891.0,1201.98,30.4848527,1201.99,7.9835306
333,2023-01-02,1672635892.0,1201.98,30.4848527,1201.99,7.9835306
334,2023-01-02,1672635893.0,1201.98,25.4848527,1201.99,7.9835306
335,2023-01-02,1672635894.0,1201.98,25.4848527,1201.99,7.9835306
336,2023-01-02,1672635895.0,1201.98,25.4848527,1201.99,7.9826994
337,2023-01-02,1672635896.0,1201.98,30.4848527,1201.99,7.9826994
338,2023-01-02,1672635897.0,1201.98,30.4848527,1201.99,7.9826994
339,2023-01-02,1672635898.0,1201.98,30.4848527,1201.99,7.9826994
340,2023-01-02,1672635899.0,1201.98,30.4848527,1201.99,7.9826994
341,2023-01-02,1672635900.0,1201.98,30.4848527,1201.99,7.9826994
342,2023-01-02,1672635901.0,1201.98,30.4848527,1201.99,7.9826994
343,2023-01-02,1672635902.0,1201.98,30.4848527,1201.99,7.9826994
344,2023-01-02,1672635903.0,1201.98,30.4848527,1201.99,7.9826994
345,2023-01-02,1672635904.0,1201.98,30.4848527,1201.99,7.9826994
346,2023-01-02,1672635905.0,1201.98,30.4848527,1201.99,7.9826994
347,2023-01-02,1672635906.0,1201.98,30.4848527,1201.99,2.9826994
348,2023-01-02,1672635907.0,1201.98,30.4848527,1201.99,2.9826994
349,2023-01-02,1672635908.0,1201.98,30.4848527,1201.99,2.9826994
350,2023-01-02,1672635909.0,1201.98,32.8848527,1201.99,2.9826994
351,2023-01-02,1672635910.0,1201.98,32.8848527,1201.99,2.9826994
352,2023-01-02,1672635911.0,1201.98,32.8848527,1201.99,7.9826994
353,2023-01-02,1672635912.0,1201.98,32.8848527,1201.99,7.9826994
354,2023-01-02,1672635913.0,1201.98,32.8848527,1201.99,7.9826994
355,2023-01-02,1672635914.0,1202.14,12.0652924,1202.15,3.2014531
356,2023-01-02,1672635915.0,1202.14,15.8452367,1202.15,3.2014531
357,2023-01-02,1672635916.0,1202.14,15.8452367,1202.15,3.2002919
358,2023-01-02,1672635917.0,1202.14,15.8452367,1202.15,3.2043159
359,2023-01-02,1672635918.0,1202.14,15.8452367,1202.15,3.2043159
360,2023-01-02,1672635919.0,1202.14,15.8452367,1202.15,6.8517033
361,2023-01-02,1672635920.0,1202.14,15.8452367,1202.15,6.8517033
362,2023-01-02,1672635921.0,1202.14,15.8452367,1202.15,8.9165557
363,2023-01-02,1672635922.0,1202.14,15.8452367,1202.15,6.8517033
364,2023-01-02,1672635923.0,1202.14,15.8452367,1202.15,6.8517033
365,2023-01-02,1672635924.0,1202.14,15.8452367,1202.15,6.8517033
366,2023-01-02,1672635925.0,1202.14,15.8548118,1202.15,6.8476793
367,2023-01-02,1672635926.0,1202.14,15.8548118,1202.15,6.8476793
368,2023-01-02,1672635927.0,1202.14,15.8548715,1202.15,6.8483552
369,2023-01-02,1672635928.0,1202.14,15.8548715,1202.15,6.8483552
370,2023-01-02,1672635929.0,1202.14,0.0097004,1202.15,8.9132076
371,2023-01-02,1672635930.0,1202.14,11.9100605,1202.15,8.9132076
372,2023-01-02,1672635931.0,1202.14,11.9100605,1202.15,8.9132076
373,2023-01-02,1672635932.0,1202.14,11.9100605,1202.15,8.9132076
374,2023-01-02,1672635933.0,1202.14,15.3822184,1202.15,8.6601915
375,2023-01-02,1672635934.0,1202.14,15.3822184,1202.15,8.6601915
376,2023-01-02,1672635935.0,1202.14,15.3822184,1202.15,8.6601915
377,2023-01-02,1672635936.0,1202.14,15.3822184,1202.15,8.6601915
378,2023-01-02,1672635937.0,1202.14,11.9100605,1202.15,8.6601915
379,2023-01-02,1672635938.0,1202.14,11.9100605,1202.15,8.6601915
380,2023-01-02,1672635939.0,1202.14,11.9100605,1202.15,8.6601915
381,2023-01-02,1672635940.0,1202.14,15.2132728,1202.15,8.6601915
382,2023-01-02,1672635941.0,1202.14,15.2132728,1202.15,8.6582045
383,2023-01-02,1672635942.0,1202.14,15.2132728,1202.15,8.6582045
384,2023-01-02,1672635943.0,1202.14,15.2132728,1202.15,8.6582045
385,2023-01-02,1672635944.0,1202.14,15.2132728,1202.15,8.6582045
386,2023-01-02,1672635945.0,1202.14,15.2132728,1202.15,8.6582045
387,2023-01-02,1672635946.0,1202.14,15.2104658,1202.15,8.6582045
388,2023-01-02,1672635947.0,1202.14,15.1931382,1202.15,8.1722077
389,2023-01-02,1672635948.0,1202.14,15.1931382,1202.15,8.1722077
390,2023-01-02,1672635949.0,1202.14,15.1931382,1202.15,8.1722077
391,2023-01-02,1672635950.0,1202.14,15.1931382,1202.15,8.1722077
392,2023-01-02,1672635951.0,1202.14,15.1931382,1202.15,8.1722077
393,2023-01-02,1672635952.0,1202.14,15.1931382,1202.15,8.1722077
394,2023-01-02,1672635953.0,1202.14,15.1931382,1202.15,8.1722077
395,2023-01-02,1672635954.0,1202.14,15.1931382,1202.15,8.1722077
396,2023-01-02,1672635955.0,1202.14,15.1931382,1202.15,8.1722077
397,2023-01-02,1672635956.0,1202.14,15.1928356,1202.15,8.1722077
398,2023-01-02,1672635957.0,1202.14,15.1928356,1202.15,8.1722077
399,2023-01-02,1672635958.0,1202.14,15.1928077,1202.15,8.1722077
400,2023-01-02,1672635959.0,1202.14,23.7555562,1202.15,8.1722077
401,2023-01-02,1672635960.0,1202.14,11.8790427,1202.15,8.1722077
402,2023-01-02,1672635961.0,1202.14,11.8790427,1202.15,8.1722077
403,2023-01-02,1672635962.0,1202.14,0.0025292,1202.15,8.1722077
404,2023-01-02,1672635963.0,1202.14,11.868588,1202.15,18.8452977
405,2023-01-02,1672635964.0,1202.14,11.868588,1202.15,18.8452977
406,2023-01-02,1672635965.0,1202.14,11.868588,1202.15,18.8452977
407,2023-01-02,1672635966.0,1202.14,11.868588,1202.15,18.8452977
408,2023-01-02,1672635967.0,1202.14,11.868588,1202.15,18.8438031
409,2023-01-02,1672635968.0,1202.14,11.868588,1202.15,18.8438031
410,2023-01-02,1672635969.0,1202.14,15.5893729,1202.15,18.8353587
411,2023-01-02,1672635970.0,1202.14,15.5893729,1202.15,18.8353587
412,2023-01-02,1672635971.0,1202.14,15.5893729,1202.15,18.8353587
413,2023-01-02,1672635972.0,1202.14,15.5893729,1202.15,18.3495111
414,2023-01-02,1672635973.0,1202.14,15.5893729,1202.15,18.3495111
415,2023-01-02,1672635974.0,1202.14,15.5893729,1202.15,18.3495111
416,2023-01-02,1672635975.0,1202.14,15.5893729,1202.15,18.3495111
417,2023-01-02,1672635976.0,1202.14,15.5893729,1202.15,18.3495111
418,2023-01-02,1672635977.0,1202.14,15.5893729,1202.15,18.3495111
419,2023-01-02,1672635978.0,1202.14,15.5893729,1202.15,18.3495111
420,2023-01-02,1672635979.0,1202.14,11.868588,1202.15,23.0933478
421,2023-01-02,1672635980.0,1201.98,26.1303831,1201.99,6.6156779
422,2023-01-02,1672635981.0,1201.94,0.0011492,1201.95,24.8197326
423,2023-01-02,1672635982.0,1201.55,1.0,1201.56,7.5846763
424,2023-01-02,1672635983.0,1201.55,12.8216974,1201.56,21.895687
425,2023-01-02,1672635984.0,1201.55,12.8216974,1201.56,23.9605394
426,2023-01-02,1672635985.0,1201.55,1.0,1201.56,23.9605394
427,2023-01-02,1672635986.0,1201.55,12.822667,1201.56,23.9605394
428,2023-01-02,1672635987.0,1201.55,11.822667,1201.56,23.9605394
429,2023-01-02,1672635988.0,1201.55,11.822667,1201.56,23.9605394
430,2023-01-02,1672635989.0,1201.47,15.5141232,1201.48,23.8756392
431,2023-01-02,1672635990.0,1201.47,15.5141232,1201.48,26.431764
432,2023-01-02,1672635991.0,1201.47,11.827278,1201.48,26.431764
433,2023-01-02,1672635992.0,1201.47,11.827278,1201.48,26.431764
434,2023-01-02,1672635993.0,1201.47,11.827278,1201.48,26.431764
435,2023-01-02,1672635994.0,1201.47,11.827278,1201.48,26.431764
436,2023-01-02,1672635995.0,1201.47,11.823298,1201.48,26.431764
437,2023-01-02,1672635996.0,1201.47,11.823298,1201.48,26.431764
438,2023-01-02,1672635997.0,1201.47,11.823298,1201.48,26.431764
439,2023-01-02,1672635998.0,1201.47,11.823298,1201.48,26.431764
440,2023-01-02,1672635999.0,1201.47,11.823298,1201.48,26.431764
441,2023-01-02,1672636000.0,1201.47,11.823298,1201.48,26.431764
442,2023-01-02,1672636001.0,1201.47,11.823298,1201.48,26.431764
443,2023-01-02,1672636002.0,1201.47,11.823298,1201.48,26.431764
444,2023-01-02,1672636003.0,1201.47,11.823298,1201.48,26.3552725
445,2023-01-02,1672636004.0,1201.47,11.823298,1201.48,26.3552725
446,2023-01-02,1672636005.0,1201.47,11.823298,1201.48,26.3552725
447,2023-01-02,1672636006.0,1201.47,11.823298,1201.48,26.3552725
448,2023-01-02,1672636007.0,1201.47,11.7669621,1201.48,26.3552725
449,2023-01-02,1672636008.0,1201.37,14.043608,1201.38,15.4060889
450,2023-01-02,1672636009.0,1201.37,17.8245941,1201.38,13.8270841
451,2023-01-02,1672636010.0,1201.37,17.8245941,1201.38,13.8270841
452,2023-01-02,1672636011.0,1201.37,17.8245941,1201.38,13.8270841
453,2023-01-02,1672636012.0,1201.37,17.8245941,1201.38,13.8273154
454,2023-01-02,1672636013.0,1201.37,17.8245941,1201.38,15.8921678
455,2023-01-02,1672636014.0,1201.37,15.592255,1201.38,15.8921678
456,2023-01-02,1672636015.0,1201.37,11.8112689,1201.38,15.8921678
457,2023-01-02,1672636016.0,1201.37,11.8112689,1201.38,15.8921678
458,2023-01-02,1672636017.0,1201.37,11.771458,1201.38,15.8921678
459,2023-01-02,1672636018.0,1201.37,11.771458,1201.38,15.8921678
460,2023-01-02,1672636019.0,1201.37,11.771458,1201.38,15.8921678
461,2023-01-02,1672636020.0,1201.37,11.771458,1201.38,15.8921678
462,2023-01-02,1672636021.0,1201.37,11.771458,1201.38,15.8921678
463,2023-01-02,1672636022.0,1201.37,11.771458,1201.38,15.8921678
464,2023-01-02,1672636023.0,1201.37,11.771458,1201.38,15.8921678
465,2023-01-02,1672636024.0,1201.37,11.771458,1201.38,15.8921678
466,2023-01-02,1672636025.0,1201.37,11.771458,1201.38,15.8921678
467,2023-01-02,1672636026.0,1201.37,11.771458,1201.38,15.8921678
468,2023-01-02,1672636027.0,1201.37,11.771458,1201.38,15.8921678
469,2023-01-02,1672636028.0,1201.37,11.771458,1201.38,15.8921678
470,2023-01-02,1672636029.0,1201.37,11.771458,1201.38,15.8921678
471,2023-01-02,1672636030.0,1201.37,11.771458,1201.38,15.8921678
472,2023-01-02,1672636031.0,1201.37,11.771458,1201.38,15.8921678
473,2023-01-02,1672636032.0,1201.37,11.771458,1201.38,15.8921678
474,2023-01-02,1672636033.0,1201.37,11.771458,1201.38,15.8921678
475,2023-01-02,1672636034.0,1201.37,11.771458,1201.38,15.8921678
476,2023-01-02,1672636035.0,1201.37,11.771458,1201.38,15.8921678
477,2023-01-02,1672636036.0,1201.37,15.445411,1201.38,13.8273154
478,2023-01-02,1672636037.0,1201.37,15.445411,1201.38,13.8273154
479,2023-01-02,1672636038.0,1201.37,11.771458,1201.38,15.8912391
480,2023-01-02,1672636039.0,1201.37,11.771458,1201.38,15.8912391
481,2023-01-02,1672636040.0,1201.37,11.771458,1201.38,15.8912391
482,2023-01-02,1672636041.0,1201.37,11.771458,1201.38,15.8912391
483,2023-01-02,1672636042.0,1201.37,15.4665898,1201.38,15.8912391
484,2023-01-02,1672636043.0,1201.37,11.771458,1201.38,15.8912391
485,2023-01-02,1672636044.0,1201.37,11.771458,1201.38,15.8912391
486,2023-01-02,1672636045.0,1201.37,11.6884255,1201.38,15.8912391
487,2023-01-02,1672636046.0,1201.37,11.6884255,1201.38,15.8912391
488,2023-01-02,1672636047.0,1201.37,11.6884255,1201.38,15.8912391
489,2023-01-02,1672636048.0,1201.37,11.6884255,1201.38,15.8912391
490,2023-01-02,1672636049.0,1201.29,12.3722126,1201.3,11.6049098
491,2023-01-02,1672636050.0,1201.29,22.3650272,1201.3,25.2224915
492,2023-01-02,1672636051.0,1201.29,22.3650272,1201.3,25.2224915
493,2023-01-02,1672636052.0,1201.29,22.3650272,1201.3,25.2224915
494,2023-01-02,1672636053.0,1201.29,22.3650272,1201.3,25.2224915
495,2023-01-02,1672636054.0,1201.29,22.3650272,1201.3,27.5231693
496,2023-01-02,1672636055.0,1201.29,22.3650272,1201.3,27.5231693
497,2023-01-02,1672636056.0,1201.29,12.3722126,1201.3,27.5231693
498,2023-01-02,1672636057.0,1201.29,11.7821127,1201.3,27.5231693
499,2023-01-02,1672636058.0,1201.29,11.7821127,1201.3,27.5231693
500,2023-01-02,1672636059.0,1201.21,11.7904424,1201.22,7.0
501,2023-01-02,1672636060.0,1201.12,11.7904424,1201.13,14.1548819
502,2023-01-02,1672636061.0,1201.12,11.7904424,1201.13,28.3148954
503,2023-01-02,1672636062.0,1201.12,20.396533,1201.13,9.7951611
504,2023-01-02,1672636063.0,1201.14,26.5957229,1201.15,2.8764857
505,2023-01-02,1672636064.0,1201.14,26.5957229,1201.15,2.8764857
506,2023-01-02,1672636065.0,1201.14,26.5957229,1201.15,2.8764857
507,2023-01-02,1672636066.0,1201.14,26.5957229,1201.15,2.8764857
508,2023-01-02,1672636067.0,1201.14,26.5957229,1201.15,2.8764857
509,2023-01-02,1672636068.0,1201.14,24.2957229,1201.15,2.8764857
510,2023-01-02,1672636069.0,1201.14,24.2957229,1201.15,2.8764857
511,2023-01-02,1672636070.0,1201.14,24.2957229,1201.15,2.8764857
512,2023-01-02,1672636071.0,1201.14,19.2957229,1201.15,2.8764857
513,2023-01-02,1672636072.0,1201.14,24.2957229,1201.15,2.8764857
514,2023-01-02,1672636073.0,1201.14,24.2957229,1201.15,2.8764857
515,2023-01-02,1672636074.0,1201.14,19.2749191,1201.15,2.8764857
516,2023-01-02,1672636075.0,1201.14,19.2749191,1201.15,2.8764857
517,2023-01-02,1672636076.0,1201.14,19.2749191,1201.15,2.8764857
518,2023-01-02,1672636077.0,1201.14,19.2749191,1201.15,2.8764857
519,2023-01-02,1672636078.0,1201.14,19.2749191,1201.15,2.8764857
520,2023-01-02,1672636079.0,1200.98,14.3004727,1200.99,19.3109858
521,2023-01-02,1672636080.0,1200.91,14.3762416,1200.92,25.6028123
522,2023-01-02,1672636081.0,1200.91,24.8492168,1200.92,23.5379599
523,2023-01-02,1672636082.0,1200.91,24.8492168,1200.92,13.4062067
524,2023-01-02,1672636083.0,1201.01,20.6065312,1201.02,19.7487163
525,2023-01-02,1672636084.0,1201.01,24.4532823,1201.02,23.3661252
526,2023-01-02,1672636085.0,1201.01,22.7934699,1201.02,23.3661252
527,2023-01-02,1672636086.0,1201.01,22.7934699,1201.02,23.3661252
528,2023-01-02,1672636087.0,1201.01,22.7934699,1201.02,23.3661252
529,2023-01-02,1672636088.0,1201.01,22.7934699,1201.02,23.3661252
530,2023-01-02,1672636089.0,1201.01,22.7934699,1201.02,23.3661252
531,2023-01-02,1672636090.0,1201.01,22.7934699,1201.02,25.4309776
532,2023-01-02,1672636091.0,1201.01,22.7934699,1201.02,23.0915123
533,2023-01-02,1672636092.0,1201.01,22.7934699,1201.02,23.0915123
534,2023-01-02,1672636093.0,1201.01,22.7934699,1201.02,19.6029683
535,2023-01-02,1672636094.0,1201.01,22.7934699,1201.02,19.6029683
536,2023-01-02,1672636095.0,1201.01,22.7934699,1201.02,19.6029683
537,2023-01-02,1672636096.0,1201.01,22.7934699,1201.02,19.6029683
538,2023-01-02,1672636097.0,1201.01,22.7934699,1201.02,19.6039902
539,2023-01-02,1672636098.0,1201.01,22.7934699,1201.02,19.6039902
540,2023-01-02,1672636099.0,1201.01,22.7934699,1201.02,19.6083267
541,2023-01-02,1672636100.0,1201.01,22.7934699,1201.02,19.6170017
542,2023-01-02,1672636101.0,1201.01,22.7934699,1201.02,19.6170017
543,2023-01-02,1672636102.0,1201.01,27.7934699,1201.02,9.2767456
544,2023-01-02,1672636103.0,1201.01,27.7934699,1201.02,9.2767456
545,2023-01-02,1672636104.0,1201.01,27.7934699,1201.02,9.2767456
546,2023-01-02,1672636105.0,1201.01,27.7934699,1201.02,9.2767456
547,2023-01-02,1672636106.0,1201.01,27.7934699,1201.02,9.2221903
548,2023-01-02,1672636107.0,1201.01,22.7934699,1201.02,9.2221903
549,2023-01-02,1672636108.0,1201.01,22.7934699,1201.02,9.2221903
550,2023-01-02,1672636109.0,1201.01,22.7934699,1201.02,9.2221903
551,2023-01-02,1672636110.0,1201.01,22.7934699,1201.02,9.2221903
552,2023-01-02,1672636111.0,1201.01,22.7934699,1201.02,9.2221903
553,2023-01-02,1672636112.0,1201.01,22.7934699,1201.02,5.5852917
554,2023-01-02,1672636113.0,1201.01,22.7934699,1201.02,5.5852917
555,2023-01-02,1672636114.0,1201.01,22.7934699,1201.02,5.5852917
556,2023-01-02,1672636115.0,1201.01,22.7934699,1201.02,5.5852917
557,2023-01-02,1672636116.0,1201.01,22.7934699,1201.02,5.5852917
558,2023-01-02,1672636117.0,1201.01,22.7934699,1201.02,5.5852917
559,2023-01-02,1672636118.0,1201.01,22.7934699,1201.02,5.5852917
560,2023-01-02,1672636119.0,1201.01,22.7934699,1201.02,5.573646
561,2023-01-02,1672636120.0,1201.01,22.7934699,1201.02,5.5728104
562,2023-01-02,1672636121.0,1201.01,27.7934699,1201.02,5.5728104
563,2023-01-02,1672636122.0,1201.01,27.7934699,1201.02,5.5728104
564,2023-01-02,1672636123.0,1201.13,9.243582,1201.14,0.1864893
565,2023-01-02,1672636124.0,1201.29,14.2951574,1201.3,13.5420677
566,2023-01-02,1672636125.0,1201.29,13.626176,1201.3,17.0689556
567,2023-01-02,1672636126.0,1201.29,13.626176,1201.3,17.0689556
568,2023-01-02,1672636127.0,1201.29,13.626176,1201.3,6.3462405
569,2023-01-02,1672636128.0,1201.29,13.626176,1201.3,6.3462405
570,2023-01-02,1672636129.0,1201.29,13.626176,1201.3,6.3462405
571,2023-01-02,1672636130.0,1201.29,13.626176,1201.3,6.3462405
572,2023-01-02,1672636131.0,1201.29,13.626176,1201.3,8.4110929
573,2023-01-02,1672636132.0,1201.29,13.626176,1201.3,8.4110929
574,2023-01-02,1672636133.0,1201.29,13.626176,1201.3,8.4110929
575,2023-01-02,1672636134.0,1201.29,13.626176,1201.3,6.3462405
576,2023-01-02,1672636135.0,1201.29,13.626176,1201.3,6.3462405
577,2023-01-02,1672636136.0,1201.29,13.626176,1201.3,6.3462405
578,2023-01-02,1672636137.0,1201.29,13.626176,1201.3,8.4110929
579,2023-01-02,1672636138.0,1201.29,13.626176,1201.3,6.3462405
580,2023-01-02,1672636139.0,1201.29,13.626176,1201.3,6.3462405
581,2023-01-02,1672636140.0,1201.29,13.626176,1201.3,6.3462405
582,2023-01-02,1672636141.0,1201.29,13.626176,1201.3,6.3462405
583,2023-01-02,1672636142.0,1201.29,13.626176,1201.3,6.3462405
584,2023-01-02,1672636143.0,1201.29,13.626176,1201.3,6.3462405
585,2023-01-02,1672636144.0,1201.29,13.626176,1201.3,6.3462405
586,2023-01-02,1672636145.0,1201.29,13.626176,1201.3,6.304254
587,2023-01-02,1672636146.0,1201.29,13.626176,1201.3,6.304254
588,2023-01-02,1672636147.0,1201.29,13.626176,1201.3,8.3691064
589,2023-01-02,1672636148.0,1201.29,13.626176,1201.3,6.304254
590,2023-01-02,1672636149.0,1201.29,13.626176,1201.3,6.304254
591,2023-01-02,1672636150.0,1201.29,13.626176,1201.3,8.3691064
592,2023-01-02,1672636151.0,1201.29,13.626176,1201.3,8.3691064
593,2023-01-02,1672636152.0,1201.29,13.626176,1201.3,6.304254
594,2023-01-02,1672636153.0,1201.29,13.626176,1201.3,6.304254
595,2023-01-02,1672636154.0,1201.29,13.626176,1201.3,8.3691064
596,2023-01-02,1672636155.0,1201.29,13.626176,1201.3,8.3691064
597,2023-01-02,1672636156.0,1201.29,13.626176,1201.3,8.3691064
598,2023-01-02,1672636157.0,1201.29,10.3441859,1201.3,10.6691064
599,2023-01-02,1672636158.0,1201.29,10.3441859,1201.3,10.6691064
600,2023-01-02,1672636159.0,1201.29,10.3441859,1201.3,10.6734438
601,2023-01-02,1672636160.0,1201.29,10.3441859,1201.3,10.6734438
602,2023-01-02,1672636161.0,1201.29,10.3441859,1201.3,10.6734438
603,2023-01-02,1672636162.0,1201.29,10.3441859,1201.3,10.6702905
604,2023-01-02,1672636163.0,1201.29,10.3441859,1201.3,10.6702905
605,2023-01-02,1672636164.0,1201.29,10.3441859,1201.3,8.6037704
606,2023-01-02,1672636165.0,1201.29,13.7545842,1201.3,10.6686228
607,2023-01-02,1672636166.0,1201.29,13.7545842,1201.3,8.3686228
608,2023-01-02,1672636167.0,1201.29,13.7545842,1201.3,8.3686228
609,2023-01-02,1672636168.0,1201.29,13.7545842,1201.3,8.3686228
610,2023-01-02,1672636169.0,1201.29,10.3441859,1201.3,10.6686228
611,2023-01-02,1672636170.0,1201.29,10.3441859,1201.3,10.6686228
612,2023-01-02,1672636171.0,1201.29,10.3441859,1201.3,8.6037704
613,2023-01-02,1672636172.0,1201.29,10.3441859,1201.3,10.6686228
614,2023-01-02,1672636173.0,1201.29,13.512397,1201.3,8.3686228
615,2023-01-02,1672636174.0,1201.29,13.512397,1201.3,8.3683817
616,2023-01-02,1672636175.0,1201.29,13.512397,1201.3,8.3683817
617,2023-01-02,1672636176.0,1201.29,13.5122353,1201.3,8.3680531
618,2023-01-02,1672636177.0,1201.29,13.5128353,1201.3,8.3680531
619,2023-01-02,1672636178.0,1201.29,13.5128353,1201.3,8.3680531
620,2023-01-02,1672636179.0,1201.29,13.5128353,1201.3,8.3680531
621,2023-01-02,1672636180.0,1201.29,13.5128353,1201.3,8.3680531
622,2023-01-02,1672636181.0,1201.29,13.5128353,1201.3,8.3680531
623,2023-01-02,1672636182.0,1201.29,13.5128353,1201.3,8.3680531
624,2023-01-02,1672636183.0,1201.29,13.5128353,1201.3,8.3680531
625,2023-01-02,1672636184.0,1201.29,13.5128353,1201.3,8.3680531
626,2023-01-02,1672636185.0,1201.29,13.5128353,1201.3,8.3680531
627,2023-01-02,1672636186.0,1201.29,13.5128353,1201.3,8.3680531
628,2023-01-02,1672636187.0,1201.29,13.4735556,1201.3,8.3680531
629,2023-01-02,1672636188.0,1201.29,13.4735556,1201.3,8.3680531
630,2023-01-02,1672636189.0,1201.29,13.4735556,1201.3,8.3680531
631,2023-01-02,1672636190.0,1201.29,13.4735556,1201.3,8.3680531
632,2023-01-02,1672636191.0,1201.29,13.4735556,1201.3,8.3680531
633,2023-01-02,1672636192.0,1201.29,13.4735556,1201.3,8.3680531
634,2023-01-02,1672636193.0,1201.29,13.4735556,1201.3,8.3680531
635,2023-01-02,1672636194.0,1201.29,13.4735556,1201.3,8.3680531
636,2023-01-02,1672636195.0,1201.29,13.4735556,1201.3,8.3680531
637,2023-01-02,1672636196.0,1201.29,13.4735556,1201.3,8.3680531
638,2023-01-02,1672636197.0,1201.29,13.4735556,1201.3,8.3613509
639,2023-01-02,1672636198.0,1201.29,13.4735556,1201.3,8.3613509
640,2023-01-02,1672636199.0,1201.29,13.4735556,1201.3,10.6613509
641,2023-01-02,1672636200.0,1201.29,13.4735556,1201.3,10.6613509
642,2023-01-02,1672636201.0,1201.29,13.4735556,1201.3,2.7696106
643,2023-01-02,1672636202.0,1201.29,18.4735556,1201.3,2.7696106
644,2023-01-02,1672636203.0,1201.29,18.4735556,1201.3,2.7696106
645,2023-01-02,1672636204.0,1201.29,13.4735556,1201.3,2.7696106
646,2023-01-02,1672636205.0,1201.29,13.4735556,1201.3,5.8906574
647,2023-01-02,1672636206.0,1201.29,13.4735556,1201.3,5.8906574
648,2023-01-02,1672636207.0,1201.29,13.4735556,1201.3,5.8906574
649,2023-01-02,1672636208.0,1201.29,13.4735556,1201.3,5.8906574
650,2023-01-02,1672636209.0,1201.29,13.4735556,1201.3,5.8906574
651,2023-01-02,1672636210.0,1201.29,13.4735556,1201.3,5.8906574
652,2023-01-02,1672636211.0,1201.29,13.4735556,1201.3,5.8906574
653,2023-01-02,1672636212.0,1201.29,13.4735556,1201.3,5.8906574
654,2023-01-02,1672636213.0,1201.29,13.4735556,1201.3,7.9555098
655,2023-01-02,1672636214.0,1201.29,13.4735556,1201.3,7.9555098
656,2023-01-02,1672636215.0,1201.29,13.4735556,1201.3,7.9555098
657,2023-01-02,1672636216.0,1201.29,13.4735556,1201.3,7.9555098
658,2023-01-02,1672636217.0,1201.29,13.4735556,1201.3,5.8906574
659,2023-01-02,1672636218.0,1201.29,13.4735556,1201.3,7.9555098
660,2023-01-02,1672636219.0,1201.29,13.4735556,1201.3,7.9555098
661,2023-01-02,1672636220.0,1201.29,13.4735556,1201.3,5.8906574
662,2023-01-02,1672636221.0,1201.29,13.4735556,1201.3,5.8821205
663,2023-01-02,1672636222.0,1201.29,13.4735556,1201.3,7.9469729
664,2023-01-02,1672636223.0,1201.29,13.4735556,1201.3,7.9469729
665,2023-01-02,1672636224.0,1201.29,10.3053445,1201.3,7.9469729
666,2023-01-02,1672636225.0,1201.29,10.3053445,1201.3,7.928166
667,2023-01-02,1672636226.0,1201.29,14.0310914,1201.3,7.928166
668,2023-01-02,1672636227.0,1201.29,14.0310914,1201.3,7.928166
669,2023-01-02,1672636228.0,1201.29,14.0310914,1201.3,7.928166
670,2023-01-02,1672636229.0,1201.29,14.0310914,1201.3,7.928166
671,2023-01-02,1672636230.0,1201.29,14.0310914,1201.3,7.9281808
672,2023-01-02,1672636231.0,1201.29,14.0310914,1201.3,7.9281808
673,2023-01-02,1672636232.0,1201.29,14.0310914,1201.3,5.239959
674,2023-01-02,1672636233.0,1201.29,10.2202933,1201.3,7.4938827
675,2023-01-02,1672636234.0,1201.29,10.2202933,1201.3,7.5391273
676,2023-01-02,1672636235.0,1201.29,10.2202933,1201.3,7.5391273
677,2023-01-02,1672636236.0,1201.29,10.2202933,1201.3,7.5391273
678,2023-01-02,1672636237.0,1201.29,7.7990858,1201.3,7.5391273
679,2023-01-02,1672636238.0,1201.29,7.7990858,1201.3,7.5391273
680,2023-01-02,1672636239.0,1201.29,7.7990858,1201.3,10.0348702
681,2023-01-02,1672636240.0,1201.29,7.7990858,1201.3,10.0348702
682,2023-01-02,1672636241.0,1201.29,7.7990858,1201.3,10.0348702
683,2023-01-02,1672636242.0,1201.29,7.7990858,1201.3,10.0348702
684,2023-01-02,1672636243.0,1201.29,11.6381246,1201.3,5.6700178
685,2023-01-02,1672636244.0,1201.29,11.6381246,1201.3,7.7348702
686,2023-01-02,1672636245.0,1201.29,11.6381246,1201.3,10.0300769
687,2023-01-02,1672636246.0,1201.29,11.6381246,1201.3,10.0300769
688,2023-01-02,1672636247.0,1201.29,11.6381246,1201.3,10.0300769
689,2023-01-02,1672636248.0,1201.29,11.6381246,1201.3,10.0300769
690,2023-01-02,1672636249.0,1201.29,11.6381246,1201.3,10.0300769
691,2023-01-02,1672636250.0,1201.29,11.6381246,1201.3,10.0300769
692,2023-01-02,1672636251.0,1201.29,11.6381246,1201.3,10.0300769
693,2023-01-02,1672636252.0,1201.29,11.6381246,1201.3,10.0300769
694,2023-01-02,1672636253.0,1201.29,11.6381246,1201.3,10.0300769
695,2023-01-02,1672636254.0,1201.29,11.6381246,1201.3,10.0300769
696,2023-01-02,1672636255.0,1201.29,11.6381246,1201.3,10.0300769
697,2023-01-02,1672636256.0,1201.29,11.6381246,1201.3,10.0303026
698,2023-01-02,1672636257.0,1201.29,11.6381246,1201.3,10.0303026
699,2023-01-02,1672636258.0,1201.29,11.6381246,1201.3,10.0303026
700,2023-01-02,1672636259.0,1201.29,11.6381246,1201.3,10.0303026
701,2023-01-02,1672636260.0,1201.29,11.6381246,1201.3,10.0303026
702,2023-01-02,1672636261.0,1201.29,11.6381246,1201.3,10.0303026
703,2023-01-02,1672636262.0,1201.29,11.6381246,1201.3,10.0303026
704,2023-01-02,1672636263.0,1201.29,11.6381246,1201.3,10.0303026
705,2023-01-02,1672636264.0,1201.29,11.6381246,1201.3,7.7303026
706,2023-01-02,1672636265.0,1201.29,11.6381246,1201.3,10.0303026
707,2023-01-02,1672636266.0,1201.29,11.6381246,1201.3,10.0303026
708,2023-01-02,1672636267.0,1201.29,11.6381246,1201.3,10.0303026
709,2023-01-02,1672636268.0,1201.29,11.6381246,1201.3,10.0303026
710,2023-01-02,1672636269.0,1201.29,11.6381246,1201.3,7.7303026
711,2023-01-02,1672636270.0,1201.29,11.6381246,1201.3,7.720513
712,2023-01-02,1672636271.0,1201.29,11.6381246,1201.3,7.720513
713,2023-01-02,1672636272.0,1201.29,11.6381246,1201.3,7.720513
714,2023-01-02,1672636273.0,1201.29,11.6381246,1201.3,7.720513
715,2023-01-02,1672636274.0,1201.29,11.6381246,1201.3,5.6556606
716,2023-01-02,1672636275.0,1201.29,11.4092183,1201.3,5.6556606
717,2023-01-02,1672636276.0,1201.29,11.4092183,1201.3,5.6556606
718,2023-01-02,1672636277.0,1201.29,11.4092183,1201.3,5.6556606
719,2023-01-02,1672636278.0,1201.29,11.4092183,1201.3,5.6556606
720,2023-01-02,1672636279.0,1201.29,11.4092183,1201.3,5.6556606
721,2023-01-02,1672636280.0,1201.29,11.4092183,1201.3,7.720513
722,2023-01-02,1672636281.0,1201.29,11.4092183,1201.3,5.6556606
723,2023-01-02,1672636282.0,1201.29,11.4092183,1201.3,5.6556606
724,2023-01-02,1672636283.0,1201.29,11.4092183,1201.3,5.6556606
725,2023-01-02,1672636284.0,1201.29,11.4092183,1201.3,5.6556606
726,2023-01-02,1672636285.0,1201.29,11.4092183,1201.3,5.6556606
727,2023-01-02,1672636286.0,1201.29,11.4092183,1201.3,5.6556606
728,2023-01-02,1672636287.0,1201.29,11.4092183,1201.3,5.6556606
729,2023-01-02,1672636288.0,1201.29,11.4092183,1201.3,5.6556606
730,2023-01-02,1672636289.0,1201.29,11.4092183,1201.3,5.6556606
731,2023-01-02,1672636290.0,1201.29,11.4092183,1201.3,5.6556606
732,2023-01-02,1672636291.0,1201.29,16.4092183,1201.3,2.5491967
733,2023-01-02,1672636292.0,1201.29,16.4092183,1201.3,2.5491967
734,2023-01-02,1672636293.0,1201.29,16.4258339,1201.3,2.5491967
735,2023-01-02,1672636294.0,1201.29,16.4258339,1201.3,2.5491967
736,2023-01-02,1672636295.0,1201.29,11.4258339,1201.3,5.904226
737,2023-01-02,1672636296.0,1201.29,11.4258339,1201.3,5.904226
738,2023-01-02,1672636297.0,1201.29,16.4258339,1201.3,5.904226
739,2023-01-02,1672636298.0,1201.29,11.4258339,1201.3,5.904226
740,2023-01-02,1672636299.0,1201.29,11.4092183,1201.3,5.904226
741,2023-01-02,1672636300.0,1201.29,11.4092183,1201.3,5.904226
742,2023-01-02,1672636301.0,1201.29,16.4092183,1201.3,2.5491967
743,2023-01-02,1672636302.0,1201.29,16.4092183,1201.3,2.5491967
744,2023-01-02,1672636303.0,1201.29,16.4092183,1201.3,2.5491967
745,2023-01-02,1672636304.0,1201.29,11.4092183,1201.3,2.5491967
746,2023-01-02,1672636305.0,1201.29,11.4092183,1201.3,2.5491967
747,2023-01-02,1672636306.0,1201.29,11.4687359,1201.3,2.5039521
748,2023-01-02,1672636307.0,1201.29,11.4687359,1201.3,2.5039521
749,2023-01-02,1672636308.0,1201.29,11.4687359,1201.3,2.5039521
750,2023-01-02,1672636309.0,1201.29,16.4687359,1201.3,2.5039521
751,2023-01-02,1672636310.0,1201.29,16.4687359,1201.3,2.5039521
752,2023-01-02,1672636311.0,1201.29,11.4687359,1201.3,2.5039521
753,2023-01-02,1672636312.0,1201.29,11.4687359,1201.3,2.5039521
754,2023-01-02,1672636313.0,1201.29,11.4687359,1201.3,2.5039521
755,2023-01-02,1672636314.0,1201.29,11.4687359,1201.3,2.4806066
756,2023-01-02,1672636315.0,1201.29,11.4687359,1201.3,4.545459
757,2023-01-02,1672636316.0,1201.29,11.4687359,1201.3,4.5372498
758,2023-01-02,1672636317.0,1201.29,11.4687359,1201.3,4.5372498
759,2023-01-02,1672636318.0,1201.29,11.4687359,1201.3,4.5372498
760,2023-01-02,1672636319.0,1201.29,11.4687359,1201.3,4.5372498
761,2023-01-02,1672636320.0,1201.29,11.4687359,1201.3,5.8033041
762,2023-01-02,1672636321.0,1201.29,11.4687359,1201.3,5.8033041
763,2023-01-02,1672636322.0,1201.29,11.4687359,1201.3,5.8033041
764,2023-01-02,1672636323.0,1201.29,11.4687359,1201.3,7.8596186
765,2023-01-02,1672636324.0,1201.29,11.4687359,1201.3,7.8596186
766,2023-01-02,1672636325.0,1201.29,11.4687359,1201.3,7.8609934
767,2023-01-02,1672636326.0,1201.29,11.4687359,1201.3,7.8609934
768,2023-01-02,1672636327.0,1201.29,11.4687359,1201.3,7.3505728
769,2023-01-02,1672636328.0,1201.29,11.4687359,1201.3,5.796141
770,2023-01-02,1672636329.0,1201.29,11.4687359,1201.3,5.796141
771,2023-01-02,1672636330.0,1201.29,11.4687359,1201.3,7.8609934
772,2023-01-02,1672636331.0,1201.29,11.4687359,1201.3,7.8609934
773,2023-01-02,1672636332.0,1201.29,11.4687359,1201.3,7.8609934
774,2023-01-02,1672636333.0,1201.29,11.4687359,1201.3,7.8609934
775,2023-01-02,1672636334.0,1201.29,11.4687359,1201.3,7.8609934
776,2023-01-02,1672636335.0,1201.29,11.4687359,1201.3,7.8609934
777,2023-01-02,1672636336.0,1201.29,11.3309795,1201.3,7.8609934
778,2023-01-02,1672636337.0,1201.29,11.3309795,1201.3,7.8609934
779,2023-01-02,1672636338.0,1201.29,11.3309795,1201.3,7.8609934
780,2023-01-02,1672636339.0,1201.29,11.3307573,1201.3,7.8609934
781,2023-01-02,1672636340.0,1201.29,11.3307573,1201.3,7.8609934
782,2023-01-02,1672636341.0,1201.29,11.3307573,1201.3,7.8609934
783,2023-01-02,1672636342.0,1201.29,11.3307573,1201.3,7.8609934
784,2023-01-02,1672636343.0,1201.29,11.3307573,1201.3,7.8609934
785,2023-01-02,1672636344.0,1201.29,11.3307573,1201.3,7.8609934
786,2023-01-02,1672636345.0,1201.29,11.3307573,1201.3,7.8609934
787,2023-01-02,1672636346.0,1201.29,11.3307573,1201.3,7.85717
788,2023-01-02,1672636347.0,1201.29,11.3307573,1201.3,7.85717
789,2023-01-02,1672636348.0,1201.29,11.3307573,1201.3,7.85717
790,2023-01-02,1672636349.0,1201.29,11.3307573,1201.3,7.85717
791,2023-01-02,1672636350.0,1201.29,11.3307573,1201.3,7.85717
792,2023-01-02,1672636351.0,1201.29,11.3307573,1201.3,7.85717
793,2023-01-02,1672636352.0,1201.29,11.3307573,1201.3,7.85717
794,2023-01-02,1672636353.0,1201.29,11.3307573,1201.3,7.85717
795,2023-01-02,1672636354.0,1201.29,11.3307573,1201.3,7.85717
796,2023-01-02,1672636355.0,1201.29,11.3307573,1201.3,7.85717
797,2023-01-02,1672636356.0,1201.29,11.3307573,1201.3,7.85717
798,2023-01-02,1672636357.0,1201.29,11.3307573,1201.3,7.85717
799,2023-01-02,1672636358.0,1201.29,11.3307573,1201.3,7.85717
800,2023-01-02,1672636359.0,1201.29,11.3307573,1201.3,7.85717
801,2023-01-02,1672636360.0,1201.29,11.3307573,1201.3,7.85717
802,2023-01-02,1672636361.0,1201.29,11.3307573,1201.3,7.85717
803,2023-01-02,1672636362.0,1201.29,11.3307573,1201.3,7.85717
804,2023-01-02,1672636363.0,1201.29,11.3307573,1201.3,7.85717
805,2023-01-02,1672636364.0,1201.29,11.3307573,1201.3,5.7923176
806,2023-01-02,1672636365.0,1201.29,16.3307573,1201.3,7.85717
807,2023-01-02,1672636366.0,1201.29,11.3307573,1201.3,7.85717
808,2023-01-02,1672636367.0,1201.29,11.3307573,1201.3,7.85717
809,2023-01-02,1672636368.0,1201.29,11.3307573,1201.3,5.7923176
810,2023-01-02,1672636369.0,1201.29,11.3307573,1201.3,5.7837824
811,2023-01-02,1672636370.0,1201.29,11.3307573,1201.3,7.8486348
812,2023-01-02,1672636371.0,1201.29,11.3307573,1201.3,5.7837824
813,2023-01-02,1672636372.0,1201.29,11.3307573,1201.3,7.8486348
814,2023-01-02,1672636373.0,1201.29,11.3307573,1201.3,7.8486348
815,2023-01-02,1672636374.0,1201.29,11.3307573,1201.3,7.8486348
816,2023-01-02,1672636375.0,1201.29,11.3307573,1201.3,7.8486348
817,2023-01-02,1672636376.0,1201.29,11.3307573,1201.3,7.7921812
818,2023-01-02,1672636377.0,1201.29,11.3307573,1201.3,5.7273288
819,2023-01-02,1672636378.0,1201.29,11.3307573,1201.3,5.7273288
820,2023-01-02,1672636379.0,1201.29,11.3307573,1201.3,7.7921812
821,2023-01-02,1672636380.0,1201.29,11.3307573,1201.3,7.7921812
822,2023-01-02,1672636381.0,1201.29,11.3307573,1201.3,5.7273288
823,2023-01-02,1672636382.0,1201.29,11.3307573,1201.3,7.7921812
824,2023-01-02,1672636383.0,1201.29,11.3307573,1201.3,7.7921812
825,2023-01-02,1672636384.0,1201.29,11.3307573,1201.3,5.7273288
826,2023-01-02,1672636385.0,1201.29,11.3307573,1201.3,5.7273288
827,2023-01-02,1672636386.0,1201.29,11.3307573,1201.3,5.7273288
828,2023-01-02,1672636387.0,1201.29,11.3307573,1201.3,5.7273288
829,2023-01-02,1672636388.0,1201.29,11.3307573,1201.3,5.7273288
830,2023-01-02,1672636389.0,1201.29,11.3307573,1201.3,5.7273288
831,2023-01-02,1672636390.0,1201.29,11.3307573,1201.3,7.7921812
832,2023-01-02,1672636391.0,1201.29,11.3307573,1201.3,7.7921812
833,2023-01-02,1672636392.0,1201.29,11.3307573,1201.3,7.7921812
834,2023-01-02,1672636393.0,1201.29,0.0601176,1201.3,7.7921812
835,2023-01-02,1672636394.0,1201.29,9.1329965,1201.3,7.7921812
836,2023-01-02,1672636395.0,1201.29,9.1329965,1201.3,10.0921812
837,2023-01-02,1672636396.0,1201.29,9.1329965,1201.3,7.7921812
838,2023-01-02,1672636397.0,1201.29,9.1329965,1201.3,5.7273288
839,2023-01-02,1672636398.0,1201.29,9.1329965,1201.3,7.7921812
840,2023-01-02,1672636399.0,1201.29,0.0601176,1201.3,7.7921812
841,2023-01-02,1672636400.0,1201.29,9.1345778,1201.3,19.9005369
842,2023-01-02,1672636401.0,1201.29,9.1345778,1201.3,19.9005369
843,2023-01-02,1672636402.0,1201.29,0.0601176,1201.3,19.9005369
844,2023-01-02,1672636403.0,1201.06,21.786253,1201.07,16.7612546
845,2023-01-02,1672636404.0,1201.06,21.786253,1201.07,18.826107
846,2023-01-02,1672636405.0,1201.06,21.786253,1201.07,18.826107
847,2023-01-02,1672636406.0,1201.06,26.786253,1201.07,16.7612546
848,2023-01-02,1672636407.0,1201.06,26.786253,1201.07,16.7612546
849,2023-01-02,1672636408.0,1201.06,26.786253,1201.07,18.826107
850,2023-01-02,1672636409.0,1201.06,26.786253,1201.07,18.826107
851,2023-01-02,1672636410.0,1201.06,26.786253,1201.07,16.7612546
852,2023-01-02,1672636411.0,1201.06,21.786253,1201.07,18.826107
853,2023-01-02,1672636412.0,1201.06,21.786253,1201.07,18.826107
854,2023-01-02,1672636413.0,1201.06,21.786253,1201.07,18.826107
855,2023-01-02,1672636414.0,1201.06,21.786253,1201.07,18.826107
856,2023-01-02,1672636415.0,1201.06,21.786253,1201.07,18.826107
857,2023-01-02,1672636416.0,1201.06,21.786253,1201.07,18.826107
858,2023-01-02,1672636417.0,1201.06,21.786253,1201.07,18.826107
859,2023-01-02,1672636418.0,1201.06,18.5260641,1201.07,18.826107
860,2023-01-02,1672636419.0,1201.06,18.5260641,1201.07,18.826107
861,2023-01-02,1672636420.0,1201.06,21.7039213,1201.07,18.826107
862,2023-01-02,1672636421.0,1201.06,21.7039213,1201.07,18.826107
863,2023-01-02,1672636422.0,1201.06,21.7039213,1201.07,18.826107
864,2023-01-02,1672636423.0,1201.06,26.7039213,1201.07,16.7248494
865,2023-01-02,1672636424.0,1201.06,26.7039213,1201.07,16.7248494
866,2023-01-02,1672636425.0,1201.06,26.7039213,1201.07,18.7897018
867,2023-01-02,1672636426.0,1201.06,21.7039213,1201.07,16.7248487
868,2023-01-02,1672636427.0,1201.06,21.7039213,1201.07,16.7248487
869,2023-01-02,1672636428.0,1201.06,21.7039213,1201.07,16.7248487
870,2023-01-02,1672636429.0,1201.06,26.7039213,1201.07,16.7248487
871,2023-01-02,1672636430.0,1201.06,26.7039213,1201.07,16.6839347
872,2023-01-02,1672636431.0,1201.06,26.7039213,1201.07,16.6839347
873,2023-01-02,1672636432.0,1201.06,26.7039213,1201.07,16.6839347
874,2023-01-02,1672636433.0,1201.06,26.7039213,1201.07,16.6839347
875,2023-01-02,1672636434.0,1201.06,26.7039213,1201.07,16.6839347
876,2023-01-02,1672636435.0,1201.06,26.7039213,1201.07,16.6839347
877,2023-01-02,1672636436.0,1201.06,21.7039213,1201.07,16.6839347
878,2023-01-02,1672636437.0,1201.06,26.7039213,1201.07,16.6839347
879,2023-01-02,1672636438.0,1201.06,26.7039213,1201.07,16.6532515
880,2023-01-02,1672636439.0,1201.06,26.7039213,1201.07,16.6532515
881,2023-01-02,1672636440.0,1201.06,21.7039213,1201.07,16.6532515
882,2023-01-02,1672636441.0,1201.06,21.7039213,1201.07,16.6532515
883,2023-01-02,1672636442.0,1201.06,21.7039213,1201.07,16.6532515
884,2023-01-02,1672636443.0,1201.06,29.0039213,1201.07,13.1553619
885,2023-01-02,1672636444.0,1201.06,29.0039213,1201.07,13.1553619
886,2023-01-02,1672636445.0,1201.06,29.0039213,1201.07,13.1323512
887,2023-01-02,1672636446.0,1201.06,26.7039213,1201.07,13.1323512
888,2023-01-02,1672636447.0,1201.06,21.7039213,1201.07,18.7177473
889,2023-01-02,1672636448.0,1201.06,21.7039213,1201.07,16.6528949
890,2023-01-02,1672636449.0,1201.06,21.7039213,1201.07,16.6528949
891,2023-01-02,1672636450.0,1201.06,21.7039213,1201.07,16.6528949
892,2023-01-02,1672636451.0,1201.06,21.7039213,1201.07,16.6528949
893,2023-01-02,1672636452.0,1201.06,21.7039213,1201.07,16.6528949
894,2023-01-02,1672636453.0,1201.06,21.7039213,1201.07,16.6542699
895,2023-01-02,1672636454.0,1201.06,9.0742107,1201.07,18.7191223
896,2023-01-02,1672636455.0,1201.06,9.0742107,1201.07,18.7191223
897,2023-01-02,1672636456.0,1201.06,9.0742107,1201.07,18.7191223
898,2023-01-02,1672636457.0,1201.06,9.0742107,1201.07,18.7174585
899,2023-01-02,1672636458.0,1201.06,9.0742107,1201.07,18.7174585
900,2023-01-02,1672636459.0,1201.06,9.0742107,1201.07,21.0174585
901,2023-01-02,1672636460.0,1201.06,9.0742107,1201.07,21.0174585
902,2023-01-02,1672636461.0,1201.06,9.0742107,1201.07,21.0174585
903,2023-01-02,1672636462.0,1201.06,9.0742107,1201.07,21.0174585
904,2023-01-02,1672636463.0,1201.06,9.0742107,1201.07,21.0174585
905,2023-01-02,1672636464.0,1201.06,9.0742107,1201.07,21.0174585
906,2023-01-02,1672636465.0,1201.06,9.0742107,1201.07,21.0174585
907,2023-01-02,1672636466.0,1201.06,9.0742107,1201.07,21.1048591
908,2023-01-02,1672636467.0,1201.06,9.0742107,1201.07,21.1048591
909,2023-01-02,1672636468.0,1201.06,9.0742107,1201.07,21.1048591
910,2023-01-02,1672636469.0,1201.06,9.0742107,1201.07,21.1048591
911,2023-01-02,1672636470.0,1201.06,9.0742107,1201.07,21.1048591
912,2023-01-02,1672636471.0,1201.06,9.0742107,1201.07,21.1048591
913,2023-01-02,1672636472.0,1201.06,9.0742107,1201.07,21.1048591
914,2023-01-02,1672636473.0,1201.06,9.0742107,1201.07,21.1048591
915,2023-01-02,1672636474.0,1201.06,9.07125,1201.07,21.1048591
916,2023-01-02,1672636475.0,1201.06,9.07125,1201.07,21.1048591
917,2023-01-02,1672636476.0,1201.06,9.07125,1201.07,21.1048592
918,2023-01-02,1672636477.0,1201.06,9.07125,1201.07,21.1048592
919,2023-01-02,1672636478.0,1201.06,9.07125,1201.07,21.1048592
920,2023-01-02,1672636479.0,1201.06,9.07125,1201.07,17.6934699
921,2023-01-02,1672636480.0,1201.06,9.07125,1201.07,17.6934699
922,2023-01-02,1672636481.0,1201.06,9.07125,1201.07,19.7583223
923,2023-01-02,1672636482.0,1201.06,9.07125,1201.07,19.7583223
924,2023-01-02,1672636483.0,1201.06,9.07125,1201.07,19.7583223
925,2023-01-02,1672636484.0,1201.06,9.07125,1201.07,19.7583223
926,2023-01-02,1672636485.0,1201.06,9.07125,1201.07,19.7583223
927,2023-01-02,1672636486.0,1201.06,9.07125,1201.07,19.7583223
928,2023-01-02,1672636487.0,1201.06,9.07125,1201.07,19.7583223
929,2023-01-02,1672636488.0,1201.06,9.07125,1201.07,17.6934699
930,2023-01-02,1672636489.0,1201.06,9.07125,1201.07,19.7583223
931,2023-01-02,1672636490.0,1201.06,9.07125,1201.07,19.7583223
932,2023-01-02,1672636491.0,1201.06,9.07125,1201.07,19.7583223
933,2023-01-02,1672636492.0,1201.06,9.07125,1201.07,15.3934699
934,2023-01-02,1672636493.0,1201.06,9.07125,1201.07,17.4583223
935,2023-01-02,1672636494.0,1201.06,12.4325361,1201.07,15.3934699
936,2023-01-02,1672636495.0,1201.06,17.4325361,1201.07,15.3934699
937,2023-01-02,1672636496.0,1201.06,12.4325361,1201.07,15.3934699
938,2023-01-02,1672636497.0,1201.06,17.4325361,1201.07,15.3934699
939,2023-01-02,1672636498.0,1201.06,12.423168,1201.07,15.3934699
940,2023-01-02,1672636499.0,1201.06,12.423168,1201.07,15.3934699
941,2023-01-02,1672636500.0,1201.06,12.423168,1201.07,15.3934699
942,2023-01-02,1672636501.0,1201.06,12.423168,1201.07,15.3934699
943,2023-01-02,1672636502.0,1201.06,12.423168,1201.07,15.3934699
944,2023-01-02,1672636503.0,1201.06,12.423168,1201.07,15.3934699
945,2023-01-02,1672636504.0,1201.06,12.423168,1201.07,15.3934699
946,2023-01-02,1672636505.0,1201.06,12.423168,1201.07,15.3934699
947,2023-01-02,1672636506.0,1201.06,12.423168,1201.07,15.3934699
948,2023-01-02,1672636507.0,1201.06,12.423168,1201.07,15.3934699
949,2023-01-02,1672636508.0,1201.06,12.423168,1201.07,15.3934699
950,2023-01-02,1672636509.0,1201.06,12.423168,1201.07,15.3934699
951,2023-01-02,1672636510.0,1201.06,12.423168,1201.07,15.3934699
952,2023-01-02,1672636511.0,1201.06,12.423168,1201.07,15.3934699
953,2023-01-02,1672636512.0,1201.06,12.423168,1201.07,15.3934699
954,2023-01-02,1672636513.0,1201.06,12.423168,1201.07,15.3934699
955,2023-01-02,1672636514.0,1201.06,12.423168,1201.07,17.4583223
956,2023-01-02,1672636515.0,1201.06,12.423168,1201.07,15.3934699
957,2023-01-02,1672636516.0,1201.06,12.423168,1201.07,15.3934699
958,2023-01-02,1672636517.0,1201.06,12.423168,1201.07,15.3934699
959,2023-01-02,1672636518.0,1201.06,12.423168,1201.07,15.3934699
960,2023-01-02,1672636519.0,1201.06,12.423168,1201.07,15.3934699
961,2023-01-02,1672636520.0,1201.06,12.423168,1201.07,15.392979
962,2023-01-02,1672636521.0,1201.06,12.423168,1201.07,17.4578314
963,2023-01-02,1672636522.0,1201.06,12.423168,1201.07,15.392979
964,2023-01-02,1672636523.0,1201.06,12.423168,1201.07,15.392979
965,2023-01-02,1672636524.0,1201.06,12.423168,1201.07,15.392979
966,2023-01-02,1672636525.0,1201.06,12.423168,1201.07,17.4578314
967,2023-01-02,1672636526.0,1201.06,12.423168,1201.07,15.392979
968,2023-01-02,1672636527.0,1201.06,12.423168,1201.07,15.392979
969,2023-01-02,1672636528.0,1201.06,12.423168,1201.07,15.392979
970,2023-01-02,1672636529.0,1201.06,12.423168,1201.07,17.4578314
971,2023-01-02,1672636530.0,1201.06,12.423168,1201.07,15.392979
972,2023-01-02,1672636531.0,1201.06,12.423168,1201.07,15.392979
973,2023-01-02,1672636532.0,1201.06,12.423168,1201.07,15.391604
974,2023-01-02,1672636533.0,1201.06,12.423168,1201.07,15.391604
975,2023-01-02,1672636534.0,1201.06,12.423168,1201.07,17.4564564
976,2023-01-02,1672636535.0,1201.06,12.423168,1201.07,15.3921473
977,2023-01-02,1672636536.0,1201.06,12.423168,1201.07,15.3921473
978,2023-01-02,1672636537.0,1201.06,12.423168,1201.07,15.3921473
979,2023-01-02,1672636538.0,1201.06,12.423168,1201.07,15.3921473
980,2023-01-02,1672636539.0,1201.06,12.423168,1201.07,15.3921473
981,2023-01-02,1672636540.0,1201.06,12.423168,1201.07,15.3921473
982,2023-01-02,1672636541.0,1201.06,12.423168,1201.07,15.3921473
983,2023-01-02,1672636542.0,1201.06,12.423168,1201.07,15.3921473
984,2023-01-02,1672636543.0,1201.06,12.423168,1201.07,15.3921473
985,2023-01-02,1672636544.0,1201.06,12.423168,1201.07,15.3921473
986,2023-01-02,1672636545.0,1201.06,12.423168,1201.07,15.3921473
987,2023-01-02,1672636546.0,1201.06,12.423168,1201.07,15.3921473
988,2023-01-02,1672636547.0,1201.06,12.423168,1201.07,15.3921473
989,2023-01-02,1672636548.0,1201.06,12.423168,1201.07,15.3921473
990,2023-01-02,1672636549.0,1201.06,12.423168,1201.07,15.3921473
991,2023-01-02,1672636550.0,1201.06,12.423168,1201.07,15.3921473
992,2023-01-02,1672636551.0,1201.06,12.423168,1201.07,15.3921473
993,2023-01-02,1672636552.0,1201.06,12.423168,1201.07,15.3842366
994,2023-01-02,1672636553.0,1201.06,12.423168,1201.07,15.3842366
995,2023-01-02,1672636554.0,1201.06,12.423168,1201.07,15.3842366
996,2023-01-02,1672636555.0,1201.06,12.423168,1201.07,17.4536518
997,2023-01-02,1672636556.0,1201.06,12.423168,1201.07,19.7536518
998,2023-01-02,1672636557.0,1201.06,9.0618819,1201.07,19.7536518
999,2023-01-02,1672636558.0,1200.94,12.9036685,1200.95,16.9481632
1000,2023-01-02,1672636559.0,1200.94,12.9036685,1200.95,26.7265739
1001,2023-01-02,1672636560.0,1200.94,12.9036685,1200.95,26.7265739
1002,2023-01-02,1672636561.0,1200.94,12.9036685,1200.95,26.7265739
1003,2023-01-02,1672636562.0,1200.94,12.9036685,1200.95,26.7265739
1004,2023-01-02,1672636563.0,1200.94,12.9036685,1200.95,26.7271363
1005,2023-01-02,1672636564.0,1200.94,12.9036685,1200.95,26.7271363
1006,2023-01-02,1672636565.0,1200.94,12.902825,1200.95,26.5608503
1007,2023-01-02,1672636566.0,1200.94,12.902825,1200.95,26.5608503
1008,2023-01-02,1672636567.0,1200.94,12.902825,1200.95,26.5608503
1009,2023-01-02,1672636568.0,1200.94,12.902825,1200.95,26.5608503
1010,2023-01-02,1672636569.0,1200.94,12.902825,1200.95,26.5523138
1011,2023-01-02,1672636570.0,1200.94,12.902825,1200.95,26.5523138
1012,2023-01-02,1672636571.0,1200.94,12.902825,1200.95,26.5523138
1013,2023-01-02,1672636572.0,1200.94,12.902825,1200.95,26.5523138
1014,2023-01-02,1672636573.0,1200.94,12.902825,1200.95,26.5523138
1015,2023-01-02,1672636574.0,1200.94,12.902825,1200.95,26.5523138
1016,2023-01-02,1672636575.0,1200.94,12.902825,1200.95,26.5523138
1017,2023-01-02,1672636576.0,1200.94,12.902825,1200.95,26.5523138
1018,2023-01-02,1672636577.0,1200.94,12.902825,1200.95,26.5523138
1019,2023-01-02,1672636578.0,1200.94,12.902825,1200.95,26.5523138
1020,2023-01-02,1672636579.0,1200.94,12.902825,1200.95,26.5523138
1021,2023-01-02,1672636580.0,1200.94,12.902825,1200.95,26.5523138
1022,2023-01-02,1672636581.0,1200.94,23.2783266,1200.95,26.5523138
1023,2023-01-02,1672636582.0,1200.94,23.2783266,1200.95,26.5523138
1024,2023-01-02,1672636583.0,1200.94,23.2783266,1200.95,26.5523138
1025,2023-01-02,1672636584.0,1200.86,19.1592381,1200.87,9.7254976
1026,2023-01-02,1672636585.0,1200.81,9.5768183,1200.82,9.8896757
1027,2023-01-02,1672636586.0,1200.71,13.2830788,1200.72,30.7497133
1028,2023-01-02,1672636587.0,1200.57,26.0331612,1200.58,22.9311006
1029,2023-01-02,1672636588.0,1200.57,25.5331612,1200.58,24.995953
1030,2023-01-02,1672636589.0,1200.57,25.5331612,1200.58,22.9311006
1031,2023-01-02,1672636590.0,1200.57,25.5331612,1200.58,22.9311006
1032,2023-01-02,1672636591.0,1200.57,25.5331612,1200.58,22.9311006
1033,2023-01-02,1672636592.0,1200.57,25.5331612,1200.58,24.995953
1034,2023-01-02,1672636593.0,1200.57,25.5331612,1200.58,22.9311006
1035,2023-01-02,1672636594.0,1200.57,25.4907332,1200.58,22.9311006
1036,2023-01-02,1672636595.0,1200.57,25.4907332,1200.58,24.995953
1037,2023-01-02,1672636596.0,1200.57,25.4907332,1200.58,22.9311006
1038,2023-01-02,1672636597.0,1200.57,25.4907332,1200.58,24.995953
1039,2023-01-02,1672636598.0,1200.57,25.4907332,1200.58,24.995953
1040,2023-01-02,1672636599.0,1200.57,25.4907332,1200.58,22.9311006
1041,2023-01-02,1672636600.0,1200.57,25.4907332,1200.58,22.9311006
1042,2023-01-02,1672636601.0,1200.57,25.4907332,1200.58,24.995953
1043,2023-01-02,1672636602.0,1200.57,25.4907332,1200.58,28.2538323
1044,2023-01-02,1672636603.0,1200.57,23.3689329,1200.58,28.2538323
1045,2023-01-02,1672636604.0,1200.57,23.3689329,1200.58,26.7767492
1046,2023-01-02,1672636605.0,1200.57,23.3689329,1200.58,26.7767492
1047,2023-01-02,1672636606.0,1200.57,23.3689329,1200.58,26.7767492
1048,2023-01-02,1672636607.0,1200.57,9.073123,1200.58,26.7767492
1049,2023-01-02,1672636608.0,1200.57,9.073123,1200.58,26.7767492
1050,2023-01-02,1672636609.0,1200.57,12.6404974,1200.58,26.7767492
1051,2023-01-02,1672636610.0,1200.57,12.6404974,1200.58,24.7118968
1052,2023-01-02,1672636611.0,1200.57,12.6448477,1200.58,26.7767492
1053,2023-01-02,1672636612.0,1200.51,24.3713475,1200.52,21.7608274
1054,2023-01-02,1672636613.0,1200.51,24.3713475,1200.52,25.9166309
1055,2023-01-02,1672636614.0,1200.51,14.2307699,1200.52,25.9166309
1056,2023-01-02,1672636615.0,1200.51,14.2307699,1200.52,25.9166309
1057,2023-01-02,1672636616.0,1200.51,14.2307699,1200.52,25.9166309
1058,2023-01-02,1672636617.0,1200.51,14.2307699,1200.52,25.9166309
1059,2023-01-02,1672636618.0,1200.51,14.2307699,1200.52,25.9166309
1060,2023-01-02,1672636619.0,1200.51,14.2307699,1200.52,25.9166309
1061,2023-01-02,1672636620.0,1200.51,11.6021471,1200.52,25.9166309
1062,2023-01-02,1672636621.0,1200.51,11.6021471,1200.52,25.9166309
1063,2023-01-02,1672636622.0,1200.51,11.6021471,1200.52,25.9166309
1064,2023-01-02,1672636623.0,1200.51,11.6021471,1200.52,25.9166309
1065,2023-01-02,1672636624.0,1200.51,11.6021471,1200.52,25.9166309
1066,2023-01-02,1672636625.0,1200.51,11.6021471,1200.52,25.9166309
1067,2023-01-02,1672636626.0,1200.51,11.6021471,1200.52,25.9166309
1068,2023-01-02,1672636627.0,1200.51,11.6021471,1200.52,25.9166309
1069,2023-01-02,1672636628.0,1200.51,11.6021471,1200.52,25.9166309
1070,2023-01-02,1672636629.0,1200.51,11.6021471,1200.52,28.2166309
1071,2023-01-02,1672636630.0,1200.51,11.6021471,1200.52,23.8517785
1072,2023-01-02,1672636631.0,1200.51,11.6021471,1200.52,23.8517785
1073,2023-01-02,1672636632.0,1200.51,11.6021471,1200.52,23.8517785
1074,2023-01-02,1672636633.0,1200.71,13.1725459,1200.72,4.8791998
1075,2023-01-02,1672636634.0,1200.77,23.6544019,1200.78,18.9478711
1076,2023-01-02,1672636635.0,1200.77,23.6544019,1200.78,18.9478711
1077,2023-01-02,1672636636.0,1200.77,18.6544019,1200.78,18.9478711
1078,2023-01-02,1672636637.0,1200.54,21.8490619,1200.55,23.5174067
1079,2023-01-02,1672636638.0,1200.54,21.8743848,1200.55,23.4759295
1080,2023-01-02,1672636639.0,1200.54,21.8743848,1200.55,23.4759295
1081,2023-01-02,1672636640.0,1200.54,21.8743848,1200.55,23.4759295
1082,2023-01-02,1672636641.0,1200.54,21.8743848,1200.55,23.4759295
1083,2023-01-02,1672636642.0,1200.54,21.8743848,1200.55,23.4759295
1084,2023-01-02,1672636643.0,1200.54,21.8743848,1200.55,23.4759295
1085,2023-01-02,1672636644.0,1200.54,21.8743848,1200.55,23.4759295
1086,2023-01-02,1672636645.0,1200.54,21.8743848,1200.55,23.4759295
1087,2023-01-02,1672636646.0,1200.54,21.8743848,1200.55,23.4759295
1088,2023-01-02,1672636647.0,1200.54,21.8743848,1200.55,23.4759295
1089,2023-01-02,1672636648.0,1200.54,21.6587725,1200.55,23.4759295
1090,2023-01-02,1672636649.0,1200.54,21.6587725,1200.55,23.4759295
1091,2023-01-02,1672636650.0,1200.54,21.6587725,1200.55,23.4759295
1092,2023-01-02,1672636651.0,1200.54,21.6631239,1200.55,23.4759295
1093,2023-01-02,1672636652.0,1200.54,21.6674741,1200.55,23.4759295
1094,2023-01-02,1672636653.0,1200.54,21.6674741,1200.55,23.4759295
1095,2023-01-02,1672636654.0,1200.54,21.6674741,1200.55,23.4759295
1096,2023-01-02,1672636655.0,1200.54,21.6601065,1200.55,23.4759295
1097,2023-01-02,1672636656.0,1200.54,21.664456,1200.55,23.4759295
1098,2023-01-02,1672636657.0,1200.54,21.664456,1200.55,23.4759295
1099,2023-01-02,1672636658.0,1200.54,21.664456,1200.55,25.5407819
1100,2023-01-02,1672636659.0,1200.54,21.6644038,1200.55,23.4759295
1101,2023-01-02,1672636660.0,1200.54,21.6644038,1200.55,25.5407819
1102,2023-01-02,1672636661.0,1200.54,21.6644038,1200.55,25.5407819
1103,2023-01-02,1672636662.0,1200.54,21.6644038,1200.55,25.5407819
1104,2023-01-02,1672636663.0,1200.54,21.6644038,1200.55,25.5407819
1105,2023-01-02,1672636664.0,1200.54,11.1414381,1200.55,25.5407819
1106,2023-01-02,1672636665.0,1200.54,11.1414381,1200.55,25.5407819
1107,2023-01-02,1672636666.0,1200.54,11.1414381,1200.55,25.5407819
1108,2023-01-02,1672636667.0,1200.54,11.114562,1200.55,25.5407051
1109,2023-01-02,1672636668.0,1200.54,11.114562,1200.55,25.5407051
1110,2023-01-02,1672636669.0,1200.54,7.9653009,1200.55,27.8407051
1111,2023-01-02,1672636670.0,1200.54,7.9653009,1200.55,27.8407051
1112,2023-01-02,1672636671.0,1200.54,7.9653009,1200.55,27.8407051
1113,2023-01-02,1672636672.0,1200.54,7.9653009,1200.55,27.8407051
1114,2023-01-02,1672636673.0,1200.54,7.9653009,1200.55,27.8407051
1115,2023-01-02,1672636674.0,1200.54,7.9653009,1200.55,27.8322478
1116,2023-01-02,1672636675.0,1200.54,7.9653009,1200.55,27.8322478
1117,2023-01-02,1672636676.0,1200.54,7.9653009,1200.55,27.8322478
1118,2023-01-02,1672636677.0,1200.54,7.9653009,1200.55,27.8322478
1119,2023-01-02,1672636678.0,1200.54,7.9653009,1200.55,27.8322478
1120,2023-01-02,1672636679.0,1200.54,7.9653009,1200.55,25.7673954
1121,2023-01-02,1672636680.0,1200.54,7.9653009,1200.55,27.8322478
1122,2023-01-02,1672636681.0,1200.54,7.9653009,1200.55,25.7673954
1123,2023-01-02,1672636682.0,1200.54,7.9653009,1200.55,27.7885039
1124,2023-01-02,1672636683.0,1200.54,7.9653009,1200.55,27.7885039
1125,2023-01-02,1672636684.0,1200.54,7.9334698,1200.55,27.7885039
1126,2023-01-02,1672636685.0,1200.54,7.9334698,1200.55,27.7885039
1127,2023-01-02,1672636686.0,1200.54,7.9334698,1200.55,27.7885039
1128,2023-01-02,1672636687.0,1200.54,7.9334698,1200.55,27.7885039
1129,2023-01-02,1672636688.0,1200.54,0.0310464,1200.55,30.0919063
1130,2023-01-02,1672636689.0,1200.18,26.9219771,1200.19,1.5782211
1131,2023-01-02,1672636690.0,1200.18,26.9219771,1200.19,1.5782211
1132,2023-01-02,1672636691.0,1200.18,26.9219771,1200.19,1.5782211
1133,2023-01-02,1672636692.0,1200.18,26.9219771,1200.19,1.5782211
1134,2023-01-02,1672636693.0,1200.18,26.9219771,1200.19,1.6493885
1135,2023-01-02,1672636694.0,1200.18,26.9219771,1200.19,1.6493885
1136,2023-01-02,1672636695.0,1200.18,26.9219771,1200.19,1.6493885
1137,2023-01-02,1672636696.0,1200.18,26.9219771,1200.19,1.6507633
1138,2023-01-02,1672636697.0,1200.18,26.9219771,1200.19,1.6466007
1139,2023-01-02,1672636698.0,1200.18,26.9219771,1200.19,1.6466007
1140,2023-01-02,1672636699.0,1200.18,26.9219771,1200.19,1.6466007
1141,2023-01-02,1672636700.0,1200.18,26.9219771,1200.19,1.6466007
1142,2023-01-02,1672636701.0,1200.18,21.8934468,1200.19,18.532205
1143,2023-01-02,1672636702.0,1200.18,21.8934468,1200.19,18.532205
1144,2023-01-02,1672636703.0,1200.18,21.8934468,1200.19,18.532205
1145,2023-01-02,1672636704.0,1200.18,21.8934468,1200.19,18.532205
1146,2023-01-02,1672636705.0,1200.18,21.8934468,1200.19,18.532205
1147,2023-01-02,1672636706.0,1200.18,21.8934468,1200.19,20.5970574
1148,2023-01-02,1672636707.0,1200.18,21.8934468,1200.19,18.532205
1149,2023-01-02,1672636708.0,1200.18,21.8934468,1200.19,18.532205
1150,2023-01-02,1672636709.0,1200.18,26.8934468,1200.19,18.532205
1151,2023-01-02,1672636710.0,1200.18,26.8934468,1200.19,1.6464335
1152,2023-01-02,1672636711.0,1200.18,26.8934468,1200.19,1.6464335
1153,2023-01-02,1672636712.0,1200.18,26.8934468,1200.19,1.6464335
1154,2023-01-02,1672636713.0,1200.18,26.8934468,1200.19,1.6464335
1155,2023-01-02,1672636714.0,1200.18,17.1985799,1200.19,0.087469
1156,2023-01-02,1672636715.0,1200.18,27.3642852,1200.19,0.087469
1157,2023-01-02,1672636716.0,1200.18,17.1985799,1200.19,0.087469
1158,2023-01-02,1672636717.0,1200.18,17.1985799,1200.19,0.087469
1159,2023-01-02,1672636718.0,1200.18,26.6593429,1200.19,0.087469
1160,2023-01-02,1672636719.0,1200.18,26.6593429,1200.19,2.5391946
1161,2023-01-02,1672636720.0,1200.18,26.6593429,1200.19,2.5391946
1162,2023-01-02,1672636721.0,1200.18,26.6593429,1200.19,2.5391946
1163,2023-01-02,1672636722.0,1200.18,26.6593429,1200.19,2.5391632
1164,2023-01-02,1672636723.0,1200.18,26.7016876,1200.19,2.5391632
1165,2023-01-02,1672636724.0,1200.18,26.7016876,1200.19,2.5391632
1166,2023-01-02,1672636725.0,1200.18,26.7016876,1200.19,2.5391632
1167,2023-01-02,1672636726.0,1200.18,26.7016876,1200.19,2.5391632
1168,2023-01-02,1672636727.0,1200.18,26.7016876,1200.19,2.5391632
1169,2023-01-02,1672636728.0,1200.18,26.7016876,1200.19,2.5391632
1170,2023-01-02,1672636729.0,1200.18,26.7016876,1200.19,2.4973013
1171,2023-01-02,1672636730.0,1200.18,26.7016876,1200.19,2.4973013
1172,2023-01-02,1672636731.0,1200.18,26.7016876,1200.19,2.4973013
1173,2023-01-02,1672636732.0,1200.18,19.420298,1200.19,21.3732035
1174,2023-01-02,1672636733.0,1200.18,19.420298,1200.19,21.3732035
1175,2023-01-02,1672636734.0,1200.18,22.900381,1200.19,21.3732035
1176,2023-01-02,1672636735.0,1200.18,22.900381,1200.19,21.3732035
1177,2023-01-02,1672636736.0,1200.18,19.418979,1200.19,21.3732035
1178,2023-01-02,1672636737.0,1200.18,8.5396599,1200.19,21.3732035
1179,2023-01-02,1672636738.0,1200.18,8.5396599,1200.19,19.3083511
1180,2023-01-02,1672636739.0,1200.18,8.5396599,1200.19,21.3732035
1181,2023-01-02,1672636740.0,1200.18,8.5396599,1200.19,19.3083511
1182,2023-01-02,1672636741.0,1200.18,12.3873218,1200.19,19.3083511
1183,2023-01-02,1672636742.0,1200.18,12.3873218,1200.19,26.3732035
1184,2023-01-02,1672636743.0,1200.18,12.3873218,1200.19,22.0083511
1185,2023-01-02,1672636744.0,1200.18,12.3873218,1200.19,22.0083511
1186,2023-01-02,1672636745.0,1200.18,8.2816781,1200.19,24.3083511
1187,2023-01-02,1672636746.0,1200.18,8.2816781,1200.19,24.3083511
1188,2023-01-02,1672636747.0,1200.18,8.2816781,1200.19,24.3083511
1189,2023-01-02,1672636748.0,1200.18,8.2816781,1200.19,26.3732035
1190,2023-01-02,1672636749.0,1200.18,8.2816781,1200.19,26.3732035
1191,2023-01-02,1672636750.0,1200.18,8.2816781,1200.19,22.0083511
1192,2023-01-02,1672636751.0,1200.18,8.2816781,1200.19,24.3083511
1193,2023-01-02,1672636752.0,1200.18,8.2816781,1200.19,26.3732035
1194,2023-01-02,1672636753.0,1200.18,8.2816781,1200.19,26.3732035
1195,2023-01-02,1672636754.0,1200.18,8.2816781,1200.19,24.3083511
1196,2023-01-02,1672636755.0,1200.18,12.0036649,1200.19,22.0083511
1197,2023-01-02,1672636756.0,1200.18,12.0036649,1200.19,22.0083511
1198,2023-01-02,1672636757.0,1200.18,17.0036649,1200.19,21.1752713
1199,2023-01-02,1672636758.0,1200.18,17.0036649,1200.19,21.1752713
1200,2023-01-02,1672636759.0,1200.18,12.0036649,1200.19,21.1752713
1201,2023-01-02,1672636760.0,1200.18,12.0036649,1200.19,21.1752713
1202,2023-01-02,1672636761.0,1200.18,12.0036649,1200.19,21.1752713
1203,2023-01-02,1672636762.0,1200.18,12.0036649,1200.19,21.1752713
1204,2023-01-02,1672636763.0,1200.18,12.0036649,1200.19,23.2401237
1205,2023-01-02,1672636764.0,1200.18,12.0036649,1200.19,23.2401237
1206,2023-01-02,1672636765.0,1200.18,12.0036649,1200.19,23.2392912
1207,2023-01-02,1672636766.0,1200.18,12.0036649,1200.19,21.1744388
1208,2023-01-02,1672636767.0,1200.18,12.0036649,1200.19,21.1744388
1209,2023-01-02,1672636768.0,1200.18,12.003519,1200.19,21.1744388
1210,2023-01-02,1672636769.0,1200.18,12.003519,1200.19,21.1744388
1211,2023-01-02,1672636770.0,1200.18,12.003519,1200.19,21.1744388
1212,2023-01-02,1672636771.0,1200.18,12.003519,1200.19,21.1714726
1213,2023-01-02,1672636772.0,1200.18,12.0058865,1200.19,21.1287744
1214,2023-01-02,1672636773.0,1200.18,12.0058865,1200.19,21.1287744
1215,2023-01-02,1672636774.0,1200.18,11.8684942,1200.19,21.1287744
1216,2023-01-02,1672636775.0,1200.18,11.8684942,1200.19,21.1237752
1217,2023-01-02,1672636776.0,1200.18,11.8684942,1200.19,23.1886276
1218,2023-01-02,1672636777.0,1200.18,11.8684942,1200.19,23.1886276
1219,2023-01-02,1672636778.0,1200.18,11.8684942,1200.19,21.1237752
1220,2023-01-02,1672636779.0,1200.18,11.8684942,1200.19,23.1886276
1221,2023-01-02,1672636780.0,1200.18,11.8684942,1200.19,21.1237752
1222,2023-01-02,1672636781.0,1200.18,11.8684942,1200.19,23.1877944
1223,2023-01-02,1672636782.0,1200.18,11.8684942,1200.19,23.1877944
1224,2023-01-02,1672636783.0,1200.18,11.8684942,1200.19,21.122942
1225,2023-01-02,1672636784.0,1200.18,11.8684942,1200.19,21.122942
1226,2023-01-02,1672636785.0,1200.18,11.8684942,1200.19,21.122942
1227,2023-01-02,1672636786.0,1200.18,11.8684942,1200.19,21.122942
1228,2023-01-02,1672636787.0,1200.18,11.8684942,1200.19,21.0721168
1229,2023-01-02,1672636788.0,1200.18,11.8783356,1200.19,21.0721168
1230,2023-01-02,1672636789.0,1200.18,8.1563488,1200.19,23.1369692
1231,2023-01-02,1672636790.0,1200.18,8.1563488,1200.19,25.4369692
1232,2023-01-02,1672636791.0,1200.18,8.1563488,1200.19,25.4369692
1233,2023-01-02,1672636792.0,1200.18,8.1563488,1200.19,25.4369692
1234,2023-01-02,1672636793.0,1200.18,8.1563488,1200.19,25.4369692
1235,2023-01-02,1672636794.0,1200.18,8.1531908,1200.19,25.5119692
1236,2023-01-02,1672636795.0,1200.18,8.1531908,1200.19,25.5117518
1237,2023-01-02,1672636796.0,1200.18,8.1531908,1200.19,25.5117518
1238,2023-01-02,1672636797.0,1200.18,8.1531908,1200.19,25.5117518
1239,2023-01-02,1672636798.0,1200.18,8.1531908,1200.19,25.5117518
1240,2023-01-02,1672636799.0,1200.18,8.1531908,1200.19,23.4468994
1241,2023-01-02,1672636800.0,1200.18,8.1531908,1200.19,25.5117518
1242,2023-01-02,1672636801.0,1200.18,8.1531908,1200.19,25.5117518
1243,2023-01-02,1672636802.0,1200.18,8.1531908,1200.19,25.5117518
1244,2023-01-02,1672636803.0,1200.18,8.1531908,1200.19,25.5117518
1245,2023-01-02,1672636804.0,1200.18,8.1531908,1200.19,25.5117518
1246,2023-01-02,1672636805.0,1200.18,8.1531908,1200.19,25.5117518
1247,2023-01-02,1672636806.0,1200.18,8.1531908,1200.19,23.2117518
1248,2023-01-02,1672636807.0,1200.18,8.1531908,1200.19,20.5188765
1249,2023-01-02,1672636808.0,1200.18,11.584037,1200.19,20.5188765
1250,2023-01-02,1672636809.0,1200.18,11.584037,1200.19,20.5188765
1251,2023-01-02,1672636810.0,1200.18,11.584037,1200.19,20.5188765
1252,2023-01-02,1672636811.0,1200.18,11.584037,1200.19,20.5188765
1253,2023-01-02,1672636812.0,1200.18,11.5840375,1200.19,20.5128321
1254,2023-01-02,1672636813.0,1200.18,11.5840375,1200.19,20.5120556
1255,2023-01-02,1672636814.0,1200.18,11.5840375,1200.19,22.2645395
1256,2023-01-02,1672636815.0,1200.18,11.5840375,1200.19,20.1996871
1257,2023-01-02,1672636816.0,1200.18,11.5819859,1200.19,20.1996871
1258,2023-01-02,1672636817.0,1200.18,11.5819859,1200.19,22.1895395
1259,2023-01-02,1672636818.0,1200.18,11.5819859,1200.19,22.1895395
1260,2023-01-02,1672636819.0,1200.18,11.5819859,1200.19,20.0596995
1261,2023-01-02,1672636820.0,1200.18,11.5819859,1200.19,22.1245519
1262,2023-01-02,1672636821.0,1200.18,11.5819859,1200.19,22.1245519
1263,2023-01-02,1672636822.0,1200.18,11.5819859,1200.19,22.1245519
1264,2023-01-02,1672636823.0,1200.18,11.5069859,1200.19,22.1245519
1265,2023-01-02,1672636824.0,1200.18,11.5069859,1200.19,22.1245519
1266,2023-01-02,1672636825.0,1200.18,11.5069859,1200.19,20.0596995
1267,2023-01-02,1672636826.0,1200.18,11.5069859,1200.19,20.0596995
1268,2023-01-02,1672636827.0,1200.18,11.5069859,1200.19,20.0596995
1269,2023-01-02,1672636828.0,1200.18,11.5202645,1200.19,20.0594265
1270,2023-01-02,1672636829.0,1200.18,16.5202645,1200.19,20.0594265
1271,2023-01-02,1672636830.0,1200.18,16.5202645,1200.19,20.0594265
1272,2023-01-02,1672636831.0,1200.37,31.4486999,1200.38,7.4608337
1273,2023-01-02,1672636832.0,1200.37,26.4486999,1200.38,7.4608337
1274,2023-01-02,1672636833.0,1200.37,26.4486999,1200.38,17.6986029
1275,2023-01-02,1672636834.0,1200.37,26.4486999,1200.38,17.6986029
1276,2023-01-02,1672636835.0,1200.37,26.4486999,1200.38,17.6986029
1277,2023-01-02,1672636836.0,1200.53,21.8041859,1200.54,28.1694144
1278,2023-01-02,1672636837.0,1200.53,21.8041859,1200.54,28.1694144
1279,2023-01-02,1672636838.0,1200.53,21.8041859,1200.54,28.1694144
1280,2023-01-02,1672636839.0,1200.53,21.8041859,1200.54,28.1689808
1281,2023-01-02,1672636840.0,1200.53,8.7889289,1200.54,32.5338332
1282,2023-01-02,1672636841.0,1200.53,8.7889289,1200.54,32.5338332
1283,2023-01-02,1672636842.0,1200.53,8.7889289,1200.54,29.6777208
1284,2023-01-02,1672636843.0,1200.53,8.7889289,1200.54,31.7425732
1285,2023-01-02,1672636844.0,1200.53,8.7889289,1200.54,31.7425732
1286,2023-01-02,1672636845.0,1200.53,8.7889289,1200.54,31.7425732
1287,2023-01-02,1672636846.0,1200.53,8.7889289,1200.54,31.7425732
1288,2023-01-02,1672636847.0,1200.53,8.7889289,1200.54,29.6777208
1289,2023-01-02,1672636848.0,1200.53,8.7889289,1200.54,31.7425732
1290,2023-01-02,1672636849.0,1200.53,8.7889289,1200.54,31.7425732
1291,2023-01-02,1672636850.0,1200.53,8.7889289,1200.54,31.7425732
1292,2023-01-02,1672636851.0,1200.53,8.7889289,1200.54,31.7425732
1293,2023-01-02,1672636852.0,1200.53,8.7889289,1200.54,31.7425732
1294,2023-01-02,1672636853.0,1200.53,8.7889289,1200.54,31.7412615
1295,2023-01-02,1672636854.0,1200.53,8.7889289,1200.54,31.7412615
1296,2023-01-02,1672636855.0,1200.53,8.7889289,1200.54,31.7412615
1297,2023-01-02,1672636856.0,1200.53,8.7889289,1200.54,31.7412615
1298,2023-01-02,1672636857.0,1200.53,8.7889289,1200.54,31.7412615
1299,2023-01-02,1672636858.0,1200.53,8.7889289,1200.54,31.7412615
1300,2023-01-02,1672636859.0,1200.53,8.7889289,1200.54,31.7412615
1301,2023-01-02,1672636860.0,1200.53,8.7889289,1200.54,31.7412615
1302,2023-01-02,1672636861.0,1200.53,8.7889289,1200.54,31.7412615
1303,2023-01-02,1672636862.0,1200.53,8.7889289,1200.54,31.7412615
1304,2023-01-02,1672636863.0,1200.53,8.7889289,1200.54,31.7412615
1305,2023-01-02,1672636864.0,1200.53,8.7889289,1200.54,31.7412615
1306,2023-01-02,1672636865.0,1200.34,30.4056418,1200.35,23.1154668
1307,2023-01-02,1672636866.0,1200.34,30.4056418,1200.35,23.1154668
1308,2023-01-02,1672636867.0,1200.34,30.4056418,1200.35,23.1154668
1309,2023-01-02,1672636868.0,1200.34,30.4037415,1200.35,23.1154668
1310,2023-01-02,1672636869.0,1200.34,30.4123321,1200.35,23.1095355
1311,2023-01-02,1672636870.0,1200.34,30.4123321,1200.35,23.1039769
1312,2023-01-02,1672636871.0,1200.34,30.4123321,1200.35,25.1688293
1313,2023-01-02,1672636872.0,1200.34,30.4123321,1200.35,23.1039769
1314,2023-01-02,1672636873.0,1200.34,30.4123321,1200.35,25.1688293
1315,2023-01-02,1672636874.0,1200.34,21.9583756,1200.35,25.1688293
1316,2023-01-02,1672636875.0,1200.34,21.9583756,1200.35,25.1688293
1317,2023-01-02,1672636876.0,1200.34,21.9583756,1200.35,24.5593724
1318,2023-01-02,1672636877.0,1200.34,8.8196497,1200.35,26.8593724
1319,2023-01-02,1672636878.0,1200.34,8.8196497,1200.35,26.8593724
1320,2023-01-02,1672636879.0,1200.34,8.8196497,1200.35,26.8593724
1321,2023-01-02,1672636880.0,1200.34,8.8196497,1200.35,26.8508139
1322,2023-01-02,1672636881.0,1200.34,8.8196497,1200.35,24.5508139
1323,2023-01-02,1672636882.0,1200.34,8.8196497,1200.35,24.5508139
1324,2023-01-02,1672636883.0,1200.34,12.2194343,1200.35,24.5508139
1325,2023-01-02,1672636884.0,1200.34,12.2223611,1200.35,24.5508139
1326,2023-01-02,1672636885.0,1200.34,12.2223611,1200.35,24.5508139
1327,2023-01-02,1672636886.0,1200.34,12.2223611,1200.35,24.5508139
1328,2023-01-02,1672636887.0,1200.34,12.2223611,1200.35,24.5508139
1329,2023-01-02,1672636888.0,1200.34,12.2223611,1200.35,24.5508139
1330,2023-01-02,1672636889.0,1200.34,12.2223611,1200.35,24.5508139
1331,2023-01-02,1672636890.0,1200.34,12.2223611,1200.35,24.5508139
1332,2023-01-02,1672636891.0,1200.34,12.2314554,1200.35,26.8508139
1333,2023-01-02,1672636892.0,1200.34,12.2314554,1200.35,26.8508139
1334,2023-01-02,1672636893.0,1200.34,12.2314554,1200.35,26.8514371
1335,2023-01-02,1672636894.0,1200.34,12.2314554,1200.35,26.8514371
1336,2023-01-02,1672636895.0,1200.34,12.2314554,1200.35,26.8514371
1337,2023-01-02,1672636896.0,1200.34,12.2314554,1200.35,26.8514371
1338,2023-01-02,1672636897.0,1200.34,12.231437,1200.35,26.8514371
1339,2023-01-02,1672636898.0,1200.34,12.231437,1200.35,26.8514371
1340,2023-01-02,1672636899.0,1200.34,12.231437,1200.35,26.8514371
1341,2023-01-02,1672636900.0,1200.34,12.231437,1200.35,26.8514371
1342,2023-01-02,1672636901.0,1200.34,12.231437,1200.35,24.5514371
1343,2023-01-02,1672636902.0,1200.34,12.231437,1200.35,24.5514371
1344,2023-01-02,1672636903.0,1200.34,12.231437,1200.35,24.5514371
1345,2023-01-02,1672636904.0,1200.34,12.231437,1200.35,23.7195942
1346,2023-01-02,1672636905.0,1200.34,12.3970648,1200.35,23.7195942
1347,2023-01-02,1672636906.0,1200.34,12.3970648,1200.35,23.7195942
1348,2023-01-02,1672636907.0,1200.34,12.3970648,1200.35,23.7195942
1349,2023-01-02,1672636908.0,1200.34,12.3970648,1200.35,21.6547418
1350,2023-01-02,1672636909.0,1200.34,12.3970648,1200.35,23.7195942
1351,2023-01-02,1672636910.0,1200.34,12.3970648,1200.35,23.7195942
1352,2023-01-02,1672636911.0,1200.34,12.3970648,1200.35,23.7195942
1353,2023-01-02,1672636912.0,1200.34,12.3970648,1200.35,23.7195942
1354,2023-01-02,1672636913.0,1200.34,12.4003844,1200.35,26.0195942
1355,2023-01-02,1672636914.0,1200.34,12.4003844,1200.35,26.0195942
1356,2023-01-02,1672636915.0,1200.34,12.1235693,1200.35,26.0195942
1357,2023-01-02,1672636916.0,1200.34,12.1235693,1200.35,26.0195942
1358,2023-01-02,1672636917.0,1200.34,12.1235693,1200.35,26.0195942
1359,2023-01-02,1672636918.0,1200.34,12.1235693,1200.35,26.0195942
1360,2023-01-02,1672636919.0,1200.34,8.7237847,1200.35,26.0195942
1361,2023-01-02,1672636920.0,1200.34,8.7237847,1200.35,26.0195942
1362,2023-01-02,1672636921.0,1200.34,8.7237847,1200.35,26.0195942
1363,2023-01-02,1672636922.0,1200.34,8.7237847,1200.35,26.0195942
1364,2023-01-02,1672636923.0,1200.34,8.7237847,1200.35,26.0195942
1365,2023-01-02,1672636924.0,1200.34,8.7237847,1200.35,26.0195942
1366,2023-01-02,1672636925.0,1200.34,8.7237847,1200.35,26.0195942
1367,2023-01-02,1672636926.0,1200.34,8.6077847,1200.35,26.0195942
1368,2023-01-02,1672636927.0,1200.34,8.6077847,1200.35,26.0195942
1369,2023-01-02,1672636928.0,1200.34,8.6077847,1200.35,26.0195942
1370,2023-01-02,1672636929.0,1200.34,8.6077847,1200.35,26.0195942
1371,2023-01-02,1672636930.0,1200.34,8.6077847,1200.35,26.0195942
1372,2023-01-02,1672636931.0,1200.34,8.6077847,1200.35,26.0195942
1373,2023-01-02,1672636932.0,1200.34,12.4130446,1200.35,26.0195942
1374,2023-01-02,1672636933.0,1200.34,12.4130446,1200.35,26.0110363
1375,2023-01-02,1672636934.0,1200.34,12.4130446,1200.35,26.0110363
1376,2023-01-02,1672636935.0,1200.34,12.4130446,1200.35,26.0110363
1377,2023-01-02,1672636936.0,1200.34,12.4130446,1200.35,26.0107991
1378,2023-01-02,1672636937.0,1200.34,12.4130446,1200.35,26.0107991
1379,2023-01-02,1672636938.0,1200.34,12.4130446,1200.35,26.0107991
1380,2023-01-02,1672636939.0,1200.34,12.4130446,1200.35,26.0107991
1381,2023-01-02,1672636940.0,1200.34,12.4130446,1200.35,26.0107991
1382,2023-01-02,1672636941.0,1200.34,12.4130446,1200.35,26.0107991
1383,2023-01-02,1672636942.0,1200.34,12.4130939,1200.35,26.009459
1384,2023-01-02,1672636943.0,1200.34,12.4130939,1200.35,26.009459
1385,2023-01-02,1672636944.0,1200.34,12.4130939,1200.35,26.009459
1386,2023-01-02,1672636945.0,1200.34,8.607834,1200.35,26.009459
1387,2023-01-02,1672636946.0,1200.34,8.607834,1200.35,28.3425086
1388,2023-01-02,1672636947.0,1200.34,8.4512162,1200.35,28.3425086
1389,2023-01-02,1672636948.0,1200.34,8.4512162,1200.35,28.3425086
1390,2023-01-02,1672636949.0,1200.34,8.4512162,1200.35,28.3425086
1391,2023-01-02,1672636950.0,1200.34,8.4512162,1200.35,28.3425086
1392,2023-01-02,1672636951.0,1200.34,8.8337172,1200.35,26.009459
1393,2023-01-02,1672636952.0,1200.34,8.8337172,1200.35,26.009459
1394,2023-01-02,1672636953.0,1200.34,22.1229753,1200.35,23.9446066
1395,2023-01-02,1672636954.0,1200.34,22.1229753,1200.35,23.2329549
1396,2023-01-02,1672636955.0,1200.34,22.1229753,1200.35,23.2329549
1397,2023-01-02,1672636956.0,1200.34,23.5245926,1200.35,20.9329549
1398,2023-01-02,1672636957.0,1200.34,23.5245926,1200.35,20.9329549
1399,2023-01-02,1672636958.0,1200.34,23.5245926,1200.35,25.2978073
1400,2023-01-02,1672636959.0,1200.34,23.5245926,1200.35,25.2978073
1401,2023-01-02,1672636960.0,1200.34,23.5245926,1200.35,22.9978073
1402,2023-01-02,1672636961.0,1200.34,23.5245926,1200.35,25.2978073
1403,2023-01-02,1672636962.0,1200.34,30.5451169,1200.35,0.0006232
1404,2023-01-02,1672636963.0,1200.34,30.5459746,1200.35,0.0006232
1405,2023-01-02,1672636964.0,1200.34,30.5459746,1200.35,2.5833901
1406,2023-01-02,1672636965.0,1200.34,30.5459746,1200.35,2.5833901
1407,2023-01-02,1672636966.0,1200.34,30.6340341,1200.35,2.5833798
1408,2023-01-02,1672636967.0,1200.34,30.6340341,1200.35,2.5833798
1409,2023-01-02,1672636968.0,1200.34,30.6340341,1200.35,2.5833798
1410,2023-01-02,1672636969.0,1200.34,30.6340341,1200.35,2.5833798
1411,2023-01-02,1672636970.0,1200.34,30.6340341,1200.35,2.5833798
1412,2023-01-02,1672636971.0,1200.34,30.6340341,1200.35,2.5833798
1413,2023-01-02,1672636972.0,1200.34,30.6340341,1200.35,2.5833798
1414,2023-01-02,1672636973.0,1200.34,30.6340341,1200.35,2.5833798
1415,2023-01-02,1672636974.0,1200.34,30.6340341,1200.35,2.5834647
1416,2023-01-02,1672636975.0,1200.34,30.6340341,1200.35,2.5834647
1417,2023-01-02,1672636976.0,1200.34,30.6340341,1200.35,2.5834647
1418,2023-01-02,1672636977.0,1200.34,30.6340341,1200.35,2.5834647
1419,2023-01-02,1672636978.0,1200.34,30.6340341,1200.35,2.5834647
1420,2023-01-02,1672636979.0,1200.34,30.6340341,1200.35,2.5834647
1421,2023-01-02,1672636980.0,1200.34,30.6340341,1200.35,2.5834647
1422,2023-01-02,1672636981.0,1200.34,30.6340341,1200.35,2.5834647
1423,2023-01-02,1672636982.0,1200.34,30.6340341,1200.35,2.5826323
1424,2023-01-02,1672636983.0,1200.34,30.6340341,1200.35,2.5826323
1425,2023-01-02,1672636984.0,1200.34,30.6340341,1200.35,2.5826323
1426,2023-01-02,1672636985.0,1200.34,30.6340341,1200.35,2.5740826
1427,2023-01-02,1672636986.0,1200.34,30.6340341,1200.35,2.5740826
1428,2023-01-02,1672636987.0,1200.34,30.6340341,1200.35,2.5740826
1429,2023-01-02,1672636988.0,1200.34,33.1163106,1200.35,2.5740826
1430,2023-01-02,1672636989.0,1200.34,33.1163106,1200.35,2.5740826
1431,2023-01-02,1672636990.0,1200.34,33.1163106,1200.35,2.5740826
1432,2023-01-02,1672636991.0,1200.34,33.1163106,1200.35,2.5732162
1433,2023-01-02,1672636992.0,1200.34,33.1163106,1200.35,2.5732162
1434,2023-01-02,1672636993.0,1200.34,33.1163106,1200.35,2.5732162
1435,2023-01-02,1672636994.0,1200.34,30.6340566,1200.35,2.5732162
1436,2023-01-02,1672636995.0,1200.34,30.6340566,1200.35,2.5732162
1437,2023-01-02,1672636996.0,1200.34,30.6340566,1200.35,2.5732162
1438,2023-01-02,1672636997.0,1200.34,30.6340566,1200.35,2.5732162
1439,2023-01-02,1672636998.0,1200.34,30.6340566,1200.35,2.5732162
1440,2023-01-02,1672636999.0,1200.34,30.6340566,1200.35,2.5732162
1441,2023-01-02,1672637000.0,1200.34,30.6340566,1200.35,2.5732162
1442,2023-01-02,1672637001.0,1200.34,30.6340566,1200.35,2.5732162
1443,2023-01-02,1672637002.0,1200.34,30.6340566,1200.35,2.5732162
1444,2023-01-02,1672637003.0,1200.34,30.6340566,1200.35,2.5732162
1445,2023-01-02,1672637004.0,1200.66,23.8984739,1200.67,15.5306888
1446,2023-01-02,1672637005.0,1200.66,13.9561641,1200.67,15.5306888
1447,2023-01-02,1672637006.0,1200.66,24.3811676,1200.67,17.8306888
1448,2023-01-02,1672637007.0,1200.66,24.3811676,1200.67,15.7658364
1449,2023-01-02,1672637008.0,1200.66,14.2603075,1200.67,15.7658364
1450,2023-01-02,1672637009.0,1200.66,14.2603075,1200.67,15.0306888
1451,2023-01-02,1672637010.0,1200.66,14.2603075,1200.67,15.0306888
1452,2023-01-02,1672637011.0,1200.75,27.7027839,1200.76,13.1125997
1453,2023-01-02,1672637012.0,1200.82,19.3160954,1200.83,0.5900999
1454,2023-01-02,1672637013.0,1200.86,17.0222359,1200.87,12.5610672
1455,2023-01-02,1672637014.0,1200.86,17.0222359,1200.87,12.5610672
1456,2023-01-02,1672637015.0,1200.86,17.0222359,1200.87,12.0610672
1457,2023-01-02,1672637016.0,1200.86,17.0222359,1200.87,17.0610672
1458,2023-01-02,1672637017.0,1200.86,17.0014743,1200.87,17.0610672
1459,2023-01-02,1672637018.0,1200.86,17.0013696,1200.87,17.0610672
1460,2023-01-02,1672637019.0,1200.86,17.0013696,1200.87,7.4668019
1461,2023-01-02,1672637020.0,1200.86,17.0013696,1200.87,16.8261816
1462,2023-01-02,1672637021.0,1200.86,17.0013696,1200.87,16.8261816
1463,2023-01-02,1672637022.0,1200.86,17.0013696,1200.87,11.8261816
1464,2023-01-02,1672637023.0,1200.86,17.0013696,1200.87,11.8261816
1465,2023-01-02,1672637024.0,1200.86,17.0013696,1200.87,18.891034
1466,2023-01-02,1672637025.0,1200.86,12.0005261,1200.87,22.3077793
1467,2023-01-02,1672637026.0,1200.86,12.0005261,1200.87,22.3077793
1468,2023-01-02,1672637027.0,1200.86,12.0005261,1200.87,22.3077793
1469,2023-01-02,1672637028.0,1200.86,12.0005261,1200.87,22.3077793
1470,2023-01-02,1672637029.0,1200.86,12.0005261,1200.87,22.3077793
1471,2023-01-02,1672637030.0,1200.86,12.0005261,1200.87,22.2744713
1472,2023-01-02,1672637031.0,1200.86,12.0005261,1200.87,22.2744713
1473,2023-01-02,1672637032.0,1200.86,12.0005261,1200.87,22.2744713
1474,2023-01-02,1672637033.0,1200.86,12.0005261,1200.87,20.2096189
1475,2023-01-02,1672637034.0,1200.86,12.0005261,1200.87,22.2744713
1476,2023-01-02,1672637035.0,1200.86,12.0005261,1200.87,22.2744713
1477,2023-01-02,1672637036.0,1200.86,12.0005261,1200.87,21.6734245
1478,2023-01-02,1672637037.0,1200.86,17.0005261,1200.87,21.6734245
1479,2023-01-02,1672637038.0,1200.86,12.0005261,1200.87,21.1936391
1480,2023-01-02,1672637039.0,1200.86,12.0005261,1200.87,21.1936391
1481,2023-01-02,1672637040.0,1200.86,12.0005261,1200.87,21.1936391
1482,2023-01-02,1672637041.0,1200.86,12.0005261,1200.87,19.1287867
1483,2023-01-02,1672637042.0,1200.86,12.0005261,1200.87,21.1936391
1484,2023-01-02,1672637043.0,1200.86,17.3006241,1200.87,19.1287867
1485,2023-01-02,1672637044.0,1200.86,17.3006241,1200.87,21.1936391
1486,2023-01-02,1672637045.0,1200.86,17.3006241,1200.87,19.1287867
1487,2023-01-02,1672637046.0,1200.86,17.3006241,1200.87,19.1287867
1488,2023-01-02,1672637047.0,1200.86,17.3006241,1200.87,19.1287867
1489,2023-01-02,1672637048.0,1201.08,14.1631817,1201.09,10.0980823
1490,2023-01-02,1672637049.0,1201.08,27.6099389,1201.09,13.3821543
1491,2023-01-02,1672637050.0,1201.08,27.6099389,1201.09,13.3821543
1492,2023-01-02,1672637051.0,1201.08,27.6099389,1201.09,18.3821543
1493,2023-01-02,1672637052.0,1201.08,27.6099389,1201.09,13.3821543
1494,2023-01-02,1672637053.0,1201.08,27.6099389,1201.09,13.3821543
1495,2023-01-02,1672637054.0,1201.08,27.6099389,1201.09,13.3821543
1496,2023-01-02,1672637055.0,1201.08,27.6099389,1201.09,13.3416443
1497,2023-01-02,1672637056.0,1201.08,27.6099389,1201.09,18.3335423
1498,2023-01-02,1672637057.0,1201.08,27.6099389,1201.09,18.3335423
1499,2023-01-02,1672637058.0,1201.08,27.6090954,1201.09,18.3335423
1500,2023-01-02,1672637059.0,1201.08,27.4560954,1201.09,18.3335423
1501,2023-01-02,1672637060.0,1201.08,27.4560954,1201.09,18.3335423
1502,2023-01-02,1672637061.0,1201.12,13.0173232,1201.13,18.2298536
1503,2023-01-02,1672637062.0,1201.12,13.0173232,1201.13,18.2298536
1504,2023-01-02,1672637063.0,1201.12,18.0171823,1201.13,17.9659505
1505,2023-01-02,1672637064.0,1201.12,18.0171823,1201.13,17.9659505
1506,2023-01-02,1672637065.0,1201.12,18.0171823,1201.13,20.0308029
1507,2023-01-02,1672637066.0,1201.12,13.0171823,1201.13,23.7950748
1508,2023-01-02,1672637067.0,1201.12,13.0171823,1201.13,23.7950748
1509,2023-01-02,1672637068.0,1201.12,13.0171823,1201.13,23.7950748
1510,2023-01-02,1672637069.0,1201.12,13.0171823,1201.13,21.7302224
1511,2023-01-02,1672637070.0,1201.12,13.0171823,1201.13,23.7950748
1512,2023-01-02,1672637071.0,1201.12,13.0171823,1201.13,23.7950748
1513,2023-01-02,1672637072.0,1201.12,13.0171823,1201.13,23.7950748
1514,2023-01-02,1672637073.0,1201.12,13.0171823,1201.13,23.7950748
1515,2023-01-02,1672637074.0,1201.12,13.0171823,1201.13,23.7950748
1516,2023-01-02,1672637075.0,1201.12,13.0171823,1201.13,23.7118199
1517,2023-01-02,1672637076.0,1201.12,13.0171823,1201.13,23.7118199
1518,2023-01-02,1672637077.0,1201.12,13.0171823,1201.13,23.7118199
1519,2023-01-02,1672637078.0,1201.12,13.0171823,1201.13,23.7118199
1520,2023-01-02,1672637079.0,1201.12,13.0171823,1201.13,23.7118199
1521,2023-01-02,1672637080.0,1201.12,13.0171823,1201.13,23.6698924
1522,2023-01-02,1672637081.0,1201.12,13.0171823,1201.13,23.6698924
1523,2023-01-02,1672637082.0,1201.12,13.0171823,1201.13,23.6698924
1524,2023-01-02,1672637083.0,1201.12,13.0171823,1201.13,23.6698924
1525,2023-01-02,1672637084.0,1201.12,13.0171823,1201.13,23.6698924
1526,2023-01-02,1672637085.0,1201.12,13.0171823,1201.13,23.6698924
1527,2023-01-02,1672637086.0,1201.12,13.0171823,1201.13,23.6698924
1528,2023-01-02,1672637087.0,1201.12,13.0171823,1201.13,23.6698924
1529,2023-01-02,1672637088.0,1201.12,13.0171823,1201.13,23.6698924
1530,2023-01-02,1672637089.0,1201.12,13.0171823,1201.13,23.6698924
1531,2023-01-02,1672637090.0,1201.12,13.3212327,1201.13,23.6698924
1532,2023-01-02,1672637091.0,1201.12,13.2611135,1201.13,22.9778462
